4390 5710
471 481 540 532 us
1151 459 1369 504 ‘N

467 619 674 739 insertionis
690 647 728 718 in
742 656 886 718 uterum
902 645 1127 744 cystcideum
1141 670 1209 740 pro
1225 645 1320 718 tubis
1342 645 1374 717 F
1375 646 1563 741 ellopianis
1579 659 1660 718 sunt
1677 647 1844 720 habendi.
1890 650 2034 724 insertio

467 813 594 864 eornm
619 789 657 860 in
684 797 826 854 uterum
858 793 978 853 autem
1003 807 1077 852 non
1098 783 1179 854 loco
1205 796 1376 853 consueto
1401 785 1463 853 sed
1492 783 1604 875 magis
1627 783 1705 872 ejus
1730 785 1881 857 fundum
1908 810 2033 874 versos,

466 931 540 1000 imo
555 929 594 996 in
612 923 731 993 media
747 921 823 989 lero
843 919 922 1008 ejus
939 928 1043 1011 parte
1066 919 1132 997 tt„
1171 919 1346 988 'resticuli
1363 919 1441 988 ileis
1463 917 1664 1006 adjacentes
1683 923 1748 990 etsi
1765 924 1915 992 nimium
1931 924 2031 994 exiles

463 1065 611 1136 fuerunt
637 1059 727 1128 bene
754 1055 899 1126 formati
927 1065 966 1122 et
992 1054 1165 1123 distinctis
1187 1055 1504 1147 epydidymidibus
1523 1055 1686 1124 instructi
1695 1079 1707 1147 3
1743 1059 1932 1154 inquibus
1958 1061 2029 1152 gyri

466 1202 641 1270 ductuum
656 1193 894 1264 deserentium
917 1190 1074 1260 contorti
1100 1189 1195 1259 claro
1212 1192 1489 1284 distinguuntur.
1538 1191 1702 1284 Quisque
1728 1159 2028 1268 reclamaremus

461 1338 544 1409 sino
572 1332 756 1404 mentione
789 1327 897 1398 facile
927 1325 1083 1412 videbit,
1122 1329 1318 1397 maximam
1354 1327 1554 1418 analogiam
1587 1328 1711 1398 adesse
1735 1331 1829 1398 inter
1850 1333 2027 1402 historiam

460 1469 738 1568 praecedentem
753 1475 789 1534 et
812 1462 1176 1555 modo'descriptum,
1202 1475 1356 1556 utroque
1376 1465 1414 1532 in
1438 1427 1521 1530 issu
1542 1473 1655 1533 status
1680 1465 2026 1560 hermaphroditicc·

459 1606 706 1703 aphroditicns
728 1601 826 1670 clare
843 1609 965 1689 patet3
991 1599 1054 1665 etsi
1078 1610 1296 1693 prototypus
1310 1598 1423 1670 virilis
1444 1621 1518 1666 non
1541 1599 1587 1669 sit
1601 1603 1871 1693 dignoscendus.
1899 1575 2026 1676 ¹Ideo·

457 1769 529 1838 que
547 1742 652 1816 valde
677 1758 846 1808 erravere
871 1736 925 1806 illi
950 1745 1112 1822 autores,
1143 1737 1204 1826 qui
1228 1733 1511 1805 contendebant:
1545 1735 1707 1806 Omnes
1732 1740 2025 1834 hermaphro-

454 1879 544 1950 diti
584 1877 652 1946 nil
695 1883 801 1944 sunt
843 1872 930 1940 nisi
978 1871 1206 1940 foeminae
1249 1871 1477 1941 deformes
1519 1870 1736 1942 clitoride
1775 1889 2029 1950 monstrose

451 2015 672 2106 elongate
696 2009 913 2078 munitae.
963 2003 1148 2076 Astetiam
1165 2007 1217 2074 illi
1237 2009 1275 2075 in
1293 2006 1383 2076 t'also
1404 2018 1505 2096 sunt,
1531 2009 1593 2101 qui
1612 2009 1782 2100 credunt,
1808 2038 1930 2083 ornnes
1950 2015 2024 2086 her·

451 2147 703 2246 maphroditoa
726 2144 777 2215 sie
798 2141 915 2214 dictos
934 2141 1161 2214 solummodo
1182 2166 1316 2238 pueros
1335 2166 1412 2214 esse
1432 2142 1665 2238 imperfectos
1690 2158 1797 2240 atque
1821 2151 2024 2230 defectivos.

544 2429 737 2502 Indiuidua
755 2429 942 2518 utriusque
965 2445 1070 2495 sexus
1084 2433 1232 2532 possunt
1249 2427 1446 2497 excedente
1461 2427 1543 2495 nisu
1559 2421 1749 2501 formatiro
1765 2455 1900 2524 organa
1918 2433 2022 2506 unius

447 2567 639 2641 alteriusve
663 2589 771 2636 sexus
792 2563 951 2656 perfecte
978 2563 1132 2630 formata
1154 2561 1310 2652 habere,
1332 2573 1367 2630 et
1398 2563 1503 2632 simul
1529 2587 1602 2630 nno
1625 2565 1741 2633 aliove
1763 2593 1899 2660 organo
1924 2572 2018 2658 ejus-

444 2705 552 2790 dem,
589 2713 651 2772 sut
679 2683 836 2794 oppositi
866 2721 972 2768 senus
999 2697 1242 2789 superfluere,
1285 2710 1319 2767 et
1344 2710 1470 2766 contro
1499 2699 1619 2788 (quod
1644 2701 1721 2768 siue
1746 2705 1857 2773 dubio
1882 2710 2022 2800 saepius

442 2839 639 2930 contingit,
665 2862 773 2928 quam
795 2861 897 2904 casus
918 2831 1151 2927 praecedens)
1174 2836 1250 2902 nisu
1281 2835 1477 2902 formativc
1503 2833 1680 2904 delectivo
1700 2840 1738 2905 in
1760 2840 1923 2912 inleriori
1946 2845 2019 2913 l'or·

441 2977 612 3047 metionis
638 2973 923 3062 evolutionisque
952 2972 1068 3062 gradu
1097 2971 1268 3054 retineri,
1295 2981 1355 3038 aut
1376 2995 1447 3040 uno
1467 2971 1624 3038 alterove
1649 2983 1711 3041 aut
1736 2976 1901 3066 pluribus
1914 3005 2019 3052 sexus

440 3110 588 3204 organis
613 3111 718 3180 simul
741 3131 883 3194 carere,
915 3119 978 3175 ant
1004 3109 1084 3176 nisu
1116 3106 1308 3176 lornrativo
1329 3107 1484 3174 alienato
1514 3106 1792 3179 informatione
1818 3116 2015 3185 serualinm

439 3249 544 3314 vario
578 3247 687 3312 modo
715 3267 857 3334 quoque
878 3244 1039 3310 innexus
1067 3243 1225 3332 oppositi
1247 3243 1371 3334 polum
1393 3242 1553 3310 alienari.
1605 3243 1687 3331 Quo
1703 3246 1801 3316 clare
1820 3261 1931 3340 patet,
1946 3274 2014 3322 nec

438 3403 551 3450 unum
578 3402 703 3448 sexum
730 3401 776 3446 ex
805 3379 876 3446 alio
908 3400 1074 3464 manare,
1108 3379 1171 3446 sed
1201 3389 1391 3470 utrumque
1426 3389 1566 3446 estatu
1601 3382 1756 3470 quodam
1779 3385 2015 3465 indifferenti·

410 3551 417 3563 =
437 3515 686 3588 Generatione
699 3514 807 3584 homo
824 3513 887 3604 lit3
910 3536 986 3584 mas
1007 3525 1042 3582 et
1060 3514 1217 3584 loemina
1235 3515 1361 3604 simul,
1385 3516 1446 3584 sed
1463 3517 1625 3606 potentia
1641 3528 1793 3589 tantum·

532 3791 718 3866 Historiae
734 3801 922 3888 sequentes
938 3795 1132 3886 praecipue
1152 3789 1447 3864 demonstrabunt
1467 3817 1682 3886 organorum
1706 3819 1812 3869 sexus
1826 3801 2016 3878 muliebris

436 3925 636 4018 desectum,
679 3937 941 4019 retensioncm,
975 3952 1158 4001 excessum
1194 3943 1435 4000 monstrosum
1469 3941 1503 3998 et
1539 3931 1791 4006 alienationem
1822 3940 1860 4008 in
1882 3944 2012 4034 polum

433 4067 550 4141 tirile.
575 4099 624 4124 ι·-
649 4065 801 4138 Haesito
823 4079 943 4138 sutem
969 4067 1058 4136 haec
1086 4067 1337 4160 phoenomena
1366 4066 1460 4134 inter
1480 4090 1516 4134 se
1540 4078 1613 4134 tam
1637 4071 1777 4143 diversa
1793 4077 2014 4168 exsplicare.

434 4203 554 4274 Credo
590 4215 709 4274 antem
745 4229 790 4275 ex
839 4219 943 4298 perte
981 4205 1107 4272 matris
1144 4213 1277 4272 statum
1313 4203 1474 4304 sanitatis
1514 4202 1686 4273 relativae
1723 4209 1873 4280 multum
1911 4239 2011 4286 con.

431 4337 545 4426 ferre,
584 4341 780 4433 praecipue
808 4343 846 4412 in
880 4341 1007 4430 prunis
1035 4339 1151 4407 foetus
1179 4337 1358 4406 formandi
1393 4339 1625 4430 temporibus.
1700 4343 1821 4414 Mater
1846 4347 2010 4444 infantis,

432 4477 532 4562 cnjus
551 4477 737 4544 historiam
766 4478 873 4544 inodo
908 4477 1101 4567 descripsi,
1128 4475 1165 4544 in
1186 4475 1394 4566 regionibns
1419 4477 1518 4544 urbis
1550 4475 1910 4576 l'indobonaenata‚
1931 4487 2009 4558 fuit

430 4613 548 4707 pirella
575 4631 835 4703 amisorum,
866 4621 1002 4686 snum
1023 4634 1159 4707 perra,
1182 4609 1275 4684 bene
1296 4609 1471 4706 tormen,
1499 4637 1651 4708 corpore
1671 4639 1778 4711 sanc,
1804 4631 1911 4715 atque
1931 4648 2007 4696 ro-
