<?xml version="1.0" encoding="UTF-8"?>
<!DOCTYPE html PUBLIC "-//W3C//DTD XHTML 1.0 Transitional//EN"
    "http://www.w3.org/TR/xhtml1/DTD/xhtml1-transitional.dtd">
<html xmlns="http://www.w3.org/1999/xhtml" xml:lang="en" lang="en">
 <head>
  <title>
</title>
<meta http-equiv="Content-Type" content="text/html;charset=utf-8" />
  <meta name='ocr-system' content='tesseract 3.04.00' />
  <meta name='ocr-capabilities' content='ocr_page ocr_carea ocr_par ocr_line ocrx_word'/>
</head>
<body>
  <div class='ocr_page' id='page_1' title='image "./dehermaphrodito00steggoog_0086.png"; bbox 0 0 4390 5710; ppageno 0'>
   <div class='ocr_carea' id='block_1_1' title="bbox 48 621 1837 1284">
    <p class='ocr_par' dir='ltr' id='par_1_1' title="bbox 48 621 1766 854">
     <span class='ocr_line' id='line_1_1' title="bbox 48 621 1740 726; baseline -0.008 -11"><span class='ocrx_word' id='word_1_1' title='bbox 48 661 84 720; x_wconf 88' lang='grc'>·,</span> <span class='ocrx_word' id='word_1_2' title='bbox 160 661 201 715; x_wconf 83' lang='lat' dir='ltr'>se</span> <span class='ocrx_word' id='word_1_3' title='bbox 228 633 482 726; x_wconf 69' lang='lat' dir='ltr'>trajiciendum</span> <span class='ocrx_word' id='word_1_4' title='bbox 513 627 677 700; x_wconf 89' lang='lat' dir='ltr'>efficitur.</span> <span class='ocrx_word' id='word_1_5' title='bbox 726 621 865 698; x_wconf 87' lang='lat' dir='ltr'>Notatu</span> <span class='ocrx_word' id='word_1_6' title='bbox 896 625 1044 720; x_wconf 78' lang='lat' dir='ltr'>dignum</span> <span class='ocrx_word' id='word_1_7' title='bbox 1057 630 1247 718; x_wconf 87' lang='lat' dir='ltr'>praeterea</span> <span class='ocrx_word' id='word_1_8' title='bbox 1276 623 1316 698; x_wconf 89' lang='lat' dir='ltr'>in</span> <span class='ocrx_word' id='word_1_9' title='bbox 1330 625 1475 717; x_wconf 77' lang='lat' dir='ltr'>organis</span> <span class='ocrx_word' id='word_1_10' title='bbox 1487 647 1593 702; x_wconf 80' lang='lat' dir='ltr'>sexus</span> <span class='ocrx_word' id='word_1_11' title='bbox 1623 624 1740 704; x_wconf 80' lang='lat' dir='ltr'>virilia</span> 
     </span>
     <span class='ocr_line' id='line_1_2' title="bbox 159 751 1766 854; baseline -0.009 -5"><span class='ocrx_word' id='word_1_12' title='bbox 159 787 215 849; x_wconf 85' lang='lat' dir='ltr'>cst</span> <span class='ocrx_word' id='word_1_13' title='bbox 239 773 389 846; x_wconf 85' lang='lat' dir='ltr'>insertio</span> <span class='ocrx_word' id='word_1_14' title='bbox 414 751 592 840; x_wconf 81' lang='lat' dir='ltr'>caudium</span> <span class='ocrx_word' id='word_1_15' title='bbox 617 761 763 834; x_wconf 89' lang='lat' dir='ltr'>illorum</span> <span class='ocrx_word' id='word_1_16' title='bbox 794 784 1046 852; x_wconf 85' lang='lat' dir='ltr'>mucoscrum,</span> <span class='ocrx_word' id='word_1_17' title='bbox 1086 782 1240 852; x_wconf 90' lang='lat' dir='ltr'>quorum</span> <span class='ocrx_word' id='word_1_18' title='bbox 1275 759 1444 854; x_wconf 88' lang='lat' dir='ltr'>quilibet·</span> <span class='ocrx_word' id='word_1_19' title='bbox 1464 761 1508 833; x_wconf 87' lang='lat' dir='ltr'>ab</span> <span class='ocrx_word' id='word_1_20' title='bbox 1534 761 1649 838; x_wconf 88' lang='lat' dir='ltr'>altero</span> <span class='ocrx_word' id='word_1_21' title='bbox 1672 787 1737 836; x_wconf 85' lang='lat' dir='ltr'>se·</span> <span class='ocrx_word' id='word_1_22' title='bbox 1762 751 1766 756; x_wconf 40' lang='lat'><strong><em>¹</em></strong></span> 
     </span>
    </p>

    <p class='ocr_par' dir='ltr' id='par_1_2' title="bbox 155 887 1837 1284">
     <span class='ocr_line' id='line_1_3' title="bbox 159 887 1837 1010; baseline -0.007 -27"><span class='ocrx_word' id='word_1_23' title='bbox 159 920 307 1010; x_wconf 80' lang='lat' dir='ltr'>perotus</span> <span class='ocrx_word' id='word_1_24' title='bbox 346 927 454 1000; x_wconf 83' lang='lat' dir='ltr'>super</span> <span class='ocrx_word' id='word_1_25' title='bbox 488 903 657 972; x_wconf 78' lang='lat' dir='ltr'>arteriam</span> <span class='ocrx_word' id='word_1_26' title='bbox 696 899 891 970; x_wconf 84' lang='lat' dir='ltr'>decurrens</span> <span class='ocrx_word' id='word_1_27' title='bbox 931 919 1083 990; x_wconf 83' lang='lat' dir='ltr'>eamque</span> <span class='ocrx_word' id='word_1_28' title='bbox 1124 895 1386 968; x_wconf 85' lang='lat' dir='ltr'>concomittans</span> <span class='ocrx_word' id='word_1_29' title='bbox 1422 921 1537 992; x_wconf 86' lang='lat' dir='ltr'>usque</span> <span class='ocrx_word' id='word_1_30' title='bbox 1563 902 1610 970; x_wconf 84' lang='lat' dir='ltr'>ad</span> <span class='ocrx_word' id='word_1_31' title='bbox 1625 925 1667 972; x_wconf 90' lang='lat' dir='ltr'>os</span> <span class='ocrx_word' id='word_1_32' title='bbox 1698 887 1743 972; x_wconf 79' lang='lat' dir='ltr'>et&#39;</span> <span class='ocrx_word' id='word_1_33' title='bbox 1828 941 1837 948; x_wconf 90' lang='lat'><em>·</em></span> 
     </span>
     <span class='ocr_line' id='line_1_4' title="bbox 158 1031 1734 1132; baseline -0.009 -10"><span class='ocrx_word' id='word_1_34' title='bbox 158 1069 268 1122; x_wconf 84' lang='lat' dir='ltr'>anum</span> <span class='ocrx_word' id='word_1_35' title='bbox 293 1044 490 1132; x_wconf 78' lang='lat' dir='ltr'>continuus</span> <span class='ocrx_word' id='word_1_36' title='bbox 525 1037 696 1131; x_wconf 84' lang='lat' dir='ltr'>quaedam</span> <span class='ocrx_word' id='word_1_37' title='bbox 727 1031 887 1104; x_wconf 81' lang='lat' dir='ltr'>flexuras</span> <span class='ocrx_word' id='word_1_38' title='bbox 916 1033 1051 1108; x_wconf 87' lang='lat' dir='ltr'>format</span> <span class='ocrx_word' id='word_1_39' title='bbox 1082 1041 1118 1100; x_wconf 88' lang='lat' dir='ltr'>et</span> <span class='ocrx_word' id='word_1_40' title='bbox 1149 1052 1223 1100; x_wconf 88' lang='lat' dir='ltr'>una</span> <span class='ocrx_word' id='word_1_41' title='bbox 1255 1033 1485 1104; x_wconf 78' lang='lat' dir='ltr'>extremitate</span> <span class='ocrx_word' id='word_1_42' title='bbox 1518 1033 1583 1104; x_wconf 87' lang='lat' dir='ltr'>sub</span> <span class='ocrx_word' id='word_1_43' title='bbox 1614 1036 1734 1108; x_wconf 83' lang='lat' dir='ltr'>forma</span> 
     </span>
     <span class='ocr_line' id='line_1_5' title="bbox 155 1141 1824 1284; baseline -0.009 -26"><span class='ocrx_word' id='word_1_44' title='bbox 155 1182 353 1284; x_wconf 82' lang='lat' dir='ltr'>vesiculae,</span> <span class='ocrx_word' id='word_1_45' title='bbox 379 1182 416 1250; x_wconf 89' lang='lat' dir='ltr'>in</span> <span class='ocrx_word' id='word_1_46' title='bbox 442 1177 561 1248; x_wconf 88' lang='lat' dir='ltr'>medio</span> <span class='ocrx_word' id='word_1_47' title='bbox 586 1169 813 1268; x_wconf 85' lang='lat' dir='ltr'>perforatae,</span> <span class='ocrx_word' id='word_1_48' title='bbox 836 1167 925 1240; x_wconf 85' lang='lat' dir='ltr'>ioris</span> <span class='ocrx_word' id='word_1_49' title='bbox 951 1168 1197 1258; x_wconf 86' lang='lat' dir='ltr'>terminatur,</span> <span class='ocrx_word' id='word_1_50' title='bbox 1241 1165 1335 1236; x_wconf 86' lang='lat' dir='ltr'>altra</span> <span class='ocrx_word' id='word_1_51' title='bbox 1359 1178 1479 1238; x_wconf 86' lang='lat' dir='ltr'>autem</span> <span class='ocrx_word' id='word_1_52' title='bbox 1503 1141 1735 1244; x_wconf 76' lang='lat' dir='ltr'>extremitato</span> <span class='ocrx_word' id='word_1_53' title='bbox 1818 1150 1824 1160; x_wconf 44' lang='lat'><strong><em>⁹</em></strong></span> 
     </span>
    </p>
   </div>
   <div class='ocr_carea' id='block_1_2' title="bbox 152 1301 1860 1552">
    <p class='ocr_par' dir='ltr' id='par_1_3' title="bbox 152 1301 1860 1552">
     <span class='ocr_line' id='line_1_6' title="bbox 153 1301 1860 1404; baseline -0.009 -11"><span class='ocrx_word' id='word_1_54' title='bbox 153 1321 234 1393; x_wconf 85' lang='lat' dir='ltr'>sinu</span> <span class='ocrx_word' id='word_1_55' title='bbox 276 1339 407 1402; x_wconf 81' lang='lat' dir='ltr'>coeco,</span> <span class='ocrx_word' id='word_1_56' title='bbox 452 1311 612 1404; x_wconf 80' lang='lat' dir='ltr'>exceptis</span> <span class='ocrx_word' id='word_1_57' title='bbox 654 1319 775 1377; x_wconf 85' lang='lat' dir='ltr'>tumen</span> <span class='ocrx_word' id='word_1_58' title='bbox 806 1305 876 1376; x_wconf 88' lang='lat' dir='ltr'>illis</span> <span class='ocrx_word' id='word_1_59' title='bbox 901 1327 1032 1377; x_wconf 79' lang='lat' dir='ltr'>norem</span> <span class='ocrx_word' id='word_1_60' title='bbox 1057 1301 1261 1394; x_wconf 85' lang='lat' dir='ltr'>canalibus,</span> <span class='ocrx_word' id='word_1_61' title='bbox 1301 1303 1363 1396; x_wconf 90' lang='lat' dir='ltr'>qui</span> <span class='ocrx_word' id='word_1_62' title='bbox 1394 1304 1463 1374; x_wconf 84' lang='lat' dir='ltr'>hac</span> <span class='ocrx_word' id='word_1_63' title='bbox 1488 1305 1580 1377; x_wconf 85' lang='lat' dir='ltr'>altra</span> <span class='ocrx_word' id='word_1_64' title='bbox 1603 1320 1733 1381; x_wconf 80' lang='lat' dir='ltr'>extre-</span> <span class='ocrx_word' id='word_1_65' title='bbox 1853 1334 1860 1344; x_wconf 92' lang='lat'>·</span> 
     </span>
     <span class='ocr_line' id='line_1_7' title="bbox 152 1419 1730 1552; baseline -0.009 -23"><span class='ocrx_word' id='word_1_66' title='bbox 152 1459 278 1528; x_wconf 90' lang='lat' dir='ltr'>mitate</span> <span class='ocrx_word' id='word_1_67' title='bbox 301 1455 339 1524; x_wconf 91' lang='lat' dir='ltr'>iu</span> <span class='ocrx_word' id='word_1_68' title='bbox 364 1447 562 1540; x_wconf 87' lang='lat' dir='ltr'>funiculum</span> <span class='ocrx_word' id='word_1_69' title='bbox 587 1419 845 1552; x_wconf 84' lang='lat' dir='ltr'>spermaticum</span> <span class='ocrx_word' id='word_1_70' title='bbox 876 1447 1088 1512; x_wconf 84' lang='lat' dir='ltr'>excurrunt.</span> <span class='ocrx_word' id='word_1_71' title='bbox 1138 1437 1249 1508; x_wconf 86' lang='lat' dir='ltr'>Tales</span> <span class='ocrx_word' id='word_1_72' title='bbox 1279 1437 1471 1530; x_wconf 84' lang='lat' dir='ltr'>glandulae</span> <span class='ocrx_word' id='word_1_73' title='bbox 1503 1441 1543 1510; x_wconf 87' lang='lat' dir='ltr'>iu</span> <span class='ocrx_word' id='word_1_74' title='bbox 1574 1452 1730 1539; x_wconf 87' lang='lat' dir='ltr'>utroque</span> 
     </span>
    </p>
   </div>
   <div class='ocr_carea' id='block_1_3' title="bbox 111 1573 1731 1814">
    <p class='ocr_par' dir='ltr' id='par_1_4' title="bbox 111 1573 1731 1814">
     <span class='ocr_line' id='line_1_8' title="bbox 111 1573 1731 1696; baseline -0.009 -28"><span class='ocrx_word' id='word_1_75' title='bbox 111 1688 116 1696; x_wconf 82' lang='lat'>.</span> <span class='ocrx_word' id='word_1_76' title='bbox 151 1595 265 1666; x_wconf 85' lang='lat' dir='ltr'>latere</span> <span class='ocrx_word' id='word_1_77' title='bbox 304 1609 457 1660; x_wconf 84' lang='lat' dir='ltr'>numero</span> <span class='ocrx_word' id='word_1_78' title='bbox 494 1579 739 1678; x_wconf 82' lang='lat' dir='ltr'>reptendecim</span> <span class='ocrx_word' id='word_1_79' title='bbox 776 1575 1058 1672; x_wconf 79' lang='lat' dir='ltr'>conspiciuntur.</span> <span class='ocrx_word' id='word_1_80' title='bbox 1107 1573 1278 1644; x_wconf 85' lang='lat' dir='ltr'>Fiuidum</span> <span class='ocrx_word' id='word_1_81' title='bbox 1317 1595 1462 1668; x_wconf 88' lang='lat' dir='ltr'>quoque</span> <span class='ocrx_word' id='word_1_82' title='bbox 1503 1577 1543 1646; x_wconf 88' lang='lat' dir='ltr'>in</span> <span class='ocrx_word' id='word_1_83' title='bbox 1583 1584 1731 1676; x_wconf 80' lang='lat' dir='ltr'>organis</span> 
     </span>
     <span class='ocr_line' id='line_1_9' title="bbox 148 1689 1730 1814; baseline -0.008 -12"><span class='ocrx_word' id='word_1_84' title='bbox 148 1728 406 1802; x_wconf 86' lang='lat' dir='ltr'>lumbricorum</span> <span class='ocrx_word' id='word_1_85' title='bbox 443 1695 651 1792; x_wconf 79' lang='lat' dir='ltr'>terestrium</span> <span class='ocrx_word' id='word_1_86' title='bbox 692 1723 913 1801; x_wconf 83' lang='lat' dir='ltr'>contentum,</span> <span class='ocrx_word' id='word_1_87' title='bbox 945 1689 1077 1803; x_wconf 85' lang='lat' dir='ltr'>utpote</span> <span class='ocrx_word' id='word_1_88' title='bbox 1118 1719 1297 1780; x_wconf 87' lang='lat' dir='ltr'>secretum</span> <span class='ocrx_word' id='word_1_89' title='bbox 1334 1711 1586 1804; x_wconf 87' lang='lat' dir='ltr'>glandularum</span> <span class='ocrx_word' id='word_1_90' title='bbox 1623 1719 1730 1814; x_wconf 85' lang='lat' dir='ltr'>cutis,&#39;</span> 
     </span>
    </p>
   </div>
   <div class='ocr_carea' id='block_1_4' title="bbox 146 1844 1727 1952">
    <p class='ocr_par' dir='ltr' id='par_1_5' title="bbox 146 1844 1727 1952">
     <span class='ocr_line' id='line_1_10' title="bbox 146 1844 1727 1952; baseline -0.015 -12"><span class='ocrx_word' id='word_1_91' title='bbox 146 1875 314 1939; x_wconf 81' lang='lat' dir='ltr'>naturam</span> <span class='ocrx_word' id='word_1_92' title='bbox 337 1851 631 1952; x_wconf 75' lang='lat' dir='ltr'>mucilaginosam</span> <span class='ocrx_word' id='word_1_93' title='bbox 657 1861 695 1924; x_wconf 88' lang='lat' dir='ltr'>et</span> <span class='ocrx_word' id='word_1_94' title='bbox 719 1850 876 1922; x_wconf 88' lang='lat' dir='ltr'>colorem</span> <span class='ocrx_word' id='word_1_95' title='bbox 892 1848 1063 1942; x_wconf 76' lang='lat' dir='ltr'>griseum,</span> <span class='ocrx_word' id='word_1_96' title='bbox 1088 1847 1185 1918; x_wconf 89' lang='lat' dir='ltr'>unda</span> <span class='ocrx_word' id='word_1_97' title='bbox 1210 1844 1393 1918; x_wconf 73' lang='lat' dir='ltr'>aseminc‘</span> <span class='ocrx_word' id='word_1_98' title='bbox 1408 1849 1543 1940; x_wconf 78' lang='lat' dir='ltr'>differt,</span> <span class='ocrx_word' id='word_1_99' title='bbox 1567 1857 1727 1936; x_wconf 74' lang='lat' dir='ltr'>assumit,</span> 
     </span>
    </p>
   </div>
   <div class='ocr_carea' id='block_1_5' title="bbox 69 2121 1843 2798">
    <p class='ocr_par' dir='ltr' id='par_1_6' title="bbox 69 2121 1843 2798">
     <span class='ocr_line' id='line_1_11' title="bbox 242 2121 1723 2248; baseline -0.006 -18"><span class='ocrx_word' id='word_1_100' title='bbox 242 2154 299 2230; x_wconf 78' lang='lat' dir='ltr'>Ab</span> <span class='ocrx_word' id='word_1_101' title='bbox 338 2151 498 2242; x_wconf 86' lang='lat' dir='ltr'>orificio,</span> <span class='ocrx_word' id='word_1_102' title='bbox 536 2147 624 2244; x_wconf 86' lang='lat' dir='ltr'>peni</span> <span class='ocrx_word' id='word_1_103' title='bbox 660 2145 853 2235; x_wconf 74' lang='lat' dir='ltr'>destinato,</span> <span class='ocrx_word' id='word_1_104' title='bbox 894 2152 1093 2213; x_wconf 77' lang='lat' dir='ltr'>retrorsum</span> <span class='ocrx_word' id='word_1_105' title='bbox 1114 2121 1218 2211; x_wconf 41' lang='lat' dir='ltr'>&#39;aliud</span> <span class='ocrx_word' id='word_1_106' title='bbox 1256 2141 1437 2248; x_wconf 82' lang='lat' dir='ltr'>orificium</span> <span class='ocrx_word' id='word_1_107' title='bbox 1476 2142 1723 2227; x_wconf 87' lang='lat' dir='ltr'>functionibus</span> 
     </span>
     <span class='ocr_line' id='line_1_12' title="bbox 142 2274 1722 2378; baseline -0.011 -7"><span class='ocrx_word' id='word_1_108' title='bbox 142 2316 251 2372; x_wconf 73' lang='lat' dir='ltr'>serua</span> <span class='ocrx_word' id='word_1_109' title='bbox 282 2290 470 2366; x_wconf 77' lang='lat' dir='ltr'>foemineis</span> <span class='ocrx_word' id='word_1_110' title='bbox 484 2303 490 2312; x_wconf 87' lang='lat'>&#39;</span> <span class='ocrx_word' id='word_1_111' title='bbox 504 2286 715 2378; x_wconf 82' lang='lat' dir='ltr'>adaptatum</span> <span class='ocrx_word' id='word_1_112' title='bbox 750 2279 856 2372; x_wconf 85' lang='lat' dir='ltr'>jacet.</span> <span class='ocrx_word' id='word_1_113' title='bbox 906 2277 1037 2368; x_wconf 84' lang='lat' dir='ltr'>Cutis,</span> <span class='ocrx_word' id='word_1_114' title='bbox 1076 2274 1236 2371; x_wconf 82' lang='lat' dir='ltr'>primum</span> <span class='ocrx_word' id='word_1_115' title='bbox 1265 2275 1326 2347; x_wconf 90' lang='lat' dir='ltr'>hic</span> <span class='ocrx_word' id='word_1_116' title='bbox 1357 2277 1525 2370; x_wconf 86' lang='lat' dir='ltr'>inversa,</span> <span class='ocrx_word' id='word_1_117' title='bbox 1563 2282 1722 2362; x_wconf 83' lang='lat' dir='ltr'>formam</span> 
     </span>
     <span class='ocr_line' id='line_1_13' title="bbox 140 2395 1843 2524; baseline -0.004 -21"><span class='ocrx_word' id='word_1_118' title='bbox 140 2395 480 2524; x_wconf 28' lang='lat' dir='ltr'>dnnc&#39;piriformis,</span> <span class='ocrx_word' id='word_1_119' title='bbox 504 2419 635 2516; x_wconf 78' lang='lat' dir='ltr'>vagina</span> <span class='ocrx_word' id='word_1_120' title='bbox 658 2415 862 2488; x_wconf 73' lang='lat' dir='ltr'>metuculosa</span> <span class='ocrx_word' id='word_1_121' title='bbox 885 2411 1150 2502; x_wconf 87' lang='lat' dir='ltr'>circumcincti,</span> <span class='ocrx_word' id='word_1_122' title='bbox 1181 2409 1353 2504; x_wconf 84' lang='lat' dir='ltr'>praebet3</span> <span class='ocrx_word' id='word_1_123' title='bbox 1383 2413 1517 2486; x_wconf 85' lang='lat' dir='ltr'>exinde</span> <span class='ocrx_word' id='word_1_124' title='bbox 1541 2417 1580 2488; x_wconf 91' lang='lat' dir='ltr'>in</span> <span class='ocrx_word' id='word_1_125' title='bbox 1605 2420 1721 2498; x_wconf 82' lang='lat' dir='ltr'>latera</span> <span class='ocrx_word' id='word_1_126' title='bbox 1839 2457 1843 2464; x_wconf 93' lang='lat'><em>·</em></span> 
     </span>
     <span class='ocr_line' id='line_1_14' title="bbox 69 2539 1719 2660; baseline -0.005 -19"><span class='ocrx_word' id='word_1_127' title='bbox 69 2613 73 2624; x_wconf 93' lang='lat'>·</span> <span class='ocrx_word' id='word_1_128' title='bbox 139 2571 271 2644; x_wconf 84' lang='lat' dir='ltr'>dextro</span> <span class='ocrx_word' id='word_1_129' title='bbox 304 2563 433 2660; x_wconf 84' lang='lat' dir='ltr'>capitia</span> <span class='ocrx_word' id='word_1_130' title='bbox 464 2557 541 2650; x_wconf 86' lang='lat' dir='ltr'>ejus</span> <span class='ocrx_word' id='word_1_131' title='bbox 572 2549 703 2626; x_wconf 86' lang='lat' dir='ltr'>iterum</span> <span class='ocrx_word' id='word_1_132' title='bbox 745 2559 956 2646; x_wconf 71' lang='lat' dir='ltr'>angummur</span> <span class='ocrx_word' id='word_1_133' title='bbox 994 2549 1031 2620; x_wconf 80' lang='lat' dir='ltr'>iar</span> <span class='ocrx_word' id='word_1_134' title='bbox 1073 2545 1199 2616; x_wconf 88' lang='lat' dir='ltr'>tubam</span> <span class='ocrx_word' id='word_1_135' title='bbox 1235 2545 1487 2642; x_wconf 85' lang='lat' dir='ltr'>Fallcpianam</span> <span class='ocrx_word' id='word_1_136' title='bbox 1518 2539 1719 2636; x_wconf 77' lang='lat' dir='ltr'>flexuosam</span> 
     </span>
     <span class='ocr_line' id='line_1_15' title="bbox 135 2665 1716 2798; baseline -0.015 -21"><span class='ocrx_word' id='word_1_137' title='bbox 135 2704 295 2777; x_wconf 84' lang='lat' dir='ltr'>disincna</span> <span class='ocrx_word' id='word_1_138' title='bbox 336 2709 374 2770; x_wconf 85' lang='lat' dir='ltr'>et</span> <span class='ocrx_word' id='word_1_139' title='bbox 409 2693 649 2798; x_wconf 68' lang='lat' dir='ltr'>extremitato</span> <span class='ocrx_word' id='word_1_140' title='bbox 678 2713 743 2760; x_wconf 83' lang='lat' dir='ltr'>sua</span> <span class='ocrx_word' id='word_1_141' title='bbox 784 2686 1014 2782; x_wconf 85' lang='lat' dir='ltr'>amplectitur</span> <span class='ocrx_word' id='word_1_142' title='bbox 1040 2683 1112 2786; x_wconf 84' lang='lat' dir='ltr'>duc</span> <span class='ocrx_word' id='word_1_143' title='bbox 1146 2685 1289 2776; x_wconf 71' lang='lat' dir='ltr'>oraria,</span> <span class='ocrx_word' id='word_1_144' title='bbox 1316 2665 1484 2778; x_wconf 50' lang='lat' dir='ltr'>&#39;quorum</span> <span class='ocrx_word' id='word_1_145' title='bbox 1516 2711 1629 2764; x_wconf 84' lang='lat' dir='ltr'>unum</span> <span class='ocrx_word' id='word_1_146' title='bbox 1667 2697 1716 2770; x_wconf 70' lang='lat' dir='ltr'>ad</span> 
     </span>
    </p>
   </div>
   <div class='ocr_carea' id='block_1_6' title="bbox 134 2822 1006 2918">
    <p class='ocr_par' dir='ltr' id='par_1_7' title="bbox 134 2822 1006 2918">
     <span class='ocr_line' id='line_1_16' title="bbox 134 2822 1006 2918; baseline -0.024 -6"><span class='ocrx_word' id='word_1_147' title='bbox 134 2841 301 2912; x_wconf 73' lang='lat' dir='ltr'>rexnam</span> <span class='ocrx_word' id='word_1_148' title='bbox 326 2835 459 2907; x_wconf 85' lang='lat' dir='ltr'>altrum</span> <span class='ocrx_word' id='word_1_149' title='bbox 483 2832 530 2904; x_wconf 87' lang='lat' dir='ltr'>ad</span> <span class='ocrx_word' id='word_1_150' title='bbox 553 2828 733 2900; x_wconf 76' lang='lat' dir='ltr'>sinistram</span> <span class='ocrx_word' id='word_1_151' title='bbox 759 2833 814 2896; x_wconf 87' lang='lat' dir='ltr'>eat</span> <span class='ocrx_word' id='word_1_152' title='bbox 835 2822 1006 2918; x_wconf 84' lang='lat' dir='ltr'>positum.</span> 
     </span>
    </p>
   </div>
   <div class='ocr_carea' id='block_1_7' title="bbox 116 3109 1761 4736">
    <p class='ocr_par' dir='ltr' id='par_1_8' title="bbox 117 3109 1714 4604">
     <span class='ocr_line' id='line_1_17' title="bbox 231 3109 1710 3214; baseline -0.007 -9"><span class='ocrx_word' id='word_1_153' title='bbox 231 3133 385 3204; x_wconf 84' lang='lat' dir='ltr'>Praeter</span> <span class='ocrx_word' id='word_1_154' title='bbox 407 3127 479 3200; x_wconf 86' lang='lat' dir='ltr'>ulia</span> <span class='ocrx_word' id='word_1_155' title='bbox 509 3117 680 3196; x_wconf 85' lang='lat' dir='ltr'>animalia</span> <span class='ocrx_word' id='word_1_156' title='bbox 705 3139 816 3214; x_wconf 87' lang='lat' dir='ltr'>snpra</span> <span class='ocrx_word' id='word_1_157' title='bbox 845 3121 1049 3188; x_wconf 85' lang='lat' dir='ltr'>memorata</span> <span class='ocrx_word' id='word_1_158' title='bbox 1080 3109 1209 3199; x_wconf 73' lang='lat' dir='ltr'>nullibi</span> <span class='ocrx_word' id='word_1_159' title='bbox 1240 3110 1279 3182; x_wconf 90' lang='lat' dir='ltr'>in</span> <span class='ocrx_word' id='word_1_160' title='bbox 1303 3111 1429 3208; x_wconf 74' lang='lat' dir='ltr'>regula</span> <span class='ocrx_word' id='word_1_161' title='bbox 1459 3136 1587 3192; x_wconf 81' lang='lat' dir='ltr'>verum</span> <span class='ocrx_word' id='word_1_162' title='bbox 1617 3119 1710 3196; x_wconf 77' lang='lat' dir='ltr'>trar-</span> 
     </span>
     <span class='ocr_line' id='line_1_18' title="bbox 129 3245 1714 3368; baseline -0.016 -23"><span class='ocrx_word' id='word_1_163' title='bbox 129 3267 469 3368; x_wconf 88' lang='lat' dir='ltr'>maphroditiamum</span> <span class='ocrx_word' id='word_1_164' title='bbox 508 3257 724 3331; x_wconf 79' lang='lat' dir='ltr'>invenimur.</span> <span class='ocrx_word' id='word_1_165' title='bbox 768 3245 840 3324; x_wconf 78' lang='lat' dir='ltr'>¹Ast</span> <span class='ocrx_word' id='word_1_166' title='bbox 882 3251 917 3324; x_wconf 89' lang='lat' dir='ltr'>si</span> <span class='ocrx_word' id='word_1_167' title='bbox 956 3272 1083 3322; x_wconf 81' lang='lat' dir='ltr'>rerum</span> <span class='ocrx_word' id='word_1_168' title='bbox 1116 3248 1184 3334; x_wconf 90' lang='lat' dir='ltr'>sit,</span> <span class='ocrx_word' id='word_1_169' title='bbox 1226 3251 1326 3339; x_wconf 90' lang='lat' dir='ltr'>quod</span> <span class='ocrx_word' id='word_1_170' title='bbox 1365 3251 1481 3320; x_wconf 85' lang='lat' dir='ltr'>nostri</span> <span class='ocrx_word' id='word_1_171' title='bbox 1513 3256 1594 3326; x_wconf 82' lang='lat' dir='ltr'>aevi</span> <span class='ocrx_word' id='word_1_172' title='bbox 1633 3259 1714 3332; x_wconf 72' lang='lat' dir='ltr'>sere</span> 
     </span>
     <span class='ocr_line' id='line_1_19' title="bbox 129 3381 1709 3500; baseline -0.016 -17"><span class='ocrx_word' id='word_1_173' title='bbox 129 3431 253 3486; x_wconf 84' lang='lat' dir='ltr'>omues</span> <span class='ocrx_word' id='word_1_174' title='bbox 277 3395 484 3500; x_wconf 75' lang='lat' dir='ltr'>physiologi</span> <span class='ocrx_word' id='word_1_175' title='bbox 510 3397 555 3466; x_wconf 88' lang='lat' dir='ltr'>da</span> <span class='ocrx_word' id='word_1_176' title='bbox 584 3391 801 3464; x_wconf 79' lang='lat' dir='ltr'>formatione</span> <span class='ocrx_word' id='word_1_177' title='bbox 828 3395 866 3458; x_wconf 90' lang='lat' dir='ltr'>et</span> <span class='ocrx_word' id='word_1_178' title='bbox 903 3383 1111 3460; x_wconf 80' lang='lat' dir='ltr'>evolutione</span> <span class='ocrx_word' id='word_1_179' title='bbox 1135 3381 1358 3476; x_wconf 68' lang='lat' dir='ltr'>,embrycnis</span> <span class='ocrx_word' id='word_1_180' title='bbox 1400 3381 1600 3462; x_wconf 68' lang='lat' dir='ltr'>succedam</span> <span class='ocrx_word' id='word_1_181' title='bbox 1636 3415 1709 3488; x_wconf 73' lang='lat' dir='ltr'>per</span> 
     </span>
     <span class='ocr_line' id='line_1_20' title="bbox 128 3519 1708 3628; baseline -0.016 -10"><span class='ocrx_word' id='word_1_182' title='bbox 128 3567 255 3624; x_wconf 86' lang='lat' dir='ltr'>omnes</span> <span class='ocrx_word' id='word_1_183' title='bbox 269 3533 488 3628; x_wconf 81' lang='lat' dir='ltr'>animalium</span> <span class='ocrx_word' id='word_1_184' title='bbox 510 3528 725 3619; x_wconf 83' lang='lat' dir='ltr'>inferiorum</span> <span class='ocrx_word' id='word_1_185' title='bbox 749 3527 878 3596; x_wconf 78' lang='lat' dir='ltr'>classes</span> <span class='ocrx_word' id='word_1_186' title='bbox 909 3519 1031 3615; x_wconf 85' lang='lat' dir='ltr'>quoad</span> <span class='ocrx_word' id='word_1_187' title='bbox 1068 3541 1196 3622; x_wconf 87' lang='lat' dir='ltr'>eorum</span> <span class='ocrx_word' id='word_1_188' title='bbox 1219 3520 1409 3590; x_wconf 76' lang='lat' dir='ltr'>essentiam</span> <span class='ocrx_word' id='word_1_189' title='bbox 1444 3521 1581 3615; x_wconf 85' lang='lat' dir='ltr'>dicant,</span> <span class='ocrx_word' id='word_1_190' title='bbox 1619 3537 1708 3604; x_wconf 71' lang='lat' dir='ltr'>tune</span> 
     </span>
     <span class='ocr_line' id='line_1_21' title="bbox 126 3653 1706 3762; baseline -0.018 -4"><span class='ocrx_word' id='word_1_191' title='bbox 126 3685 251 3762; x_wconf 88' lang='lat' dir='ltr'>saltem</span> <span class='ocrx_word' id='word_1_192' title='bbox 274 3673 445 3750; x_wconf 88' lang='lat' dir='ltr'>formatio</span> <span class='ocrx_word' id='word_1_193' title='bbox 458 3663 800 3760; x_wconf 81' lang='lat' dir='ltr'>&#39;hermaphroditica</span> <span class='ocrx_word' id='word_1_194' title='bbox 824 3679 901 3730; x_wconf 90' lang='lat' dir='ltr'>non</span> <span class='ocrx_word' id='word_1_195' title='bbox 934 3653 1165 3750; x_wconf 79' lang='lat' dir='ltr'>impossibilia</span> <span class='ocrx_word' id='word_1_196' title='bbox 1188 3653 1353 3744; x_wconf 79' lang='lat' dir='ltr'>videtur,</span> <span class='ocrx_word' id='word_1_197' title='bbox 1395 3657 1481 3748; x_wconf 89' lang='lat' dir='ltr'>quia</span> <span class='ocrx_word' id='word_1_198' title='bbox 1514 3660 1706 3756; x_wconf 81' lang='lat' dir='ltr'>embryoni</span> 
     </span>
     <span class='ocr_line' id='line_1_22' title="bbox 125 3789 1705 3914; baseline -0.018 -26"><span class='ocrx_word' id='word_1_199' title='bbox 125 3828 164 3896; x_wconf 86' lang='lat' dir='ltr'>in</span> <span class='ocrx_word' id='word_1_200' title='bbox 206 3813 361 3914; x_wconf 87' lang='lat' dir='ltr'>quadam</span> <span class='ocrx_word' id='word_1_201' title='bbox 401 3807 499 3880; x_wconf 78' lang='lat' dir='ltr'>ritae</span> <span class='ocrx_word' id='word_1_202' title='bbox 535 3823 622 3908; x_wconf 86' lang='lat' dir='ltr'>suaa</span> <span class='ocrx_word' id='word_1_203' title='bbox 659 3798 824 3870; x_wconf 86' lang='lat' dir='ltr'>uterinae</span> <span class='ocrx_word' id='word_1_204' title='bbox 866 3792 1021 3890; x_wconf 89' lang='lat' dir='ltr'>periodo</span> <span class='ocrx_word' id='word_1_205' title='bbox 1063 3789 1222 3884; x_wconf 84' lang='lat' dir='ltr'>nequalia</span> <span class='ocrx_word' id='word_1_206' title='bbox 1255 3791 1531 3882; x_wconf 83' lang='lat' dir='ltr'>organisationis</span> <span class='ocrx_word' id='word_1_207' title='bbox 1570 3801 1705 3890; x_wconf 57' lang='lat' dir='ltr'>grndua</span> 
     </span>
     <span class='ocr_line' id='line_1_23' title="bbox 127 3924 1701 4050; baseline -0.018 -16"><span class='ocrx_word' id='word_1_208' title='bbox 127 3949 405 4050; x_wconf 78' lang='lat' dir='ltr'>correspondet3</span> <span class='ocrx_word' id='word_1_209' title='bbox 443 3949 482 4012; x_wconf 85' lang='lat' dir='ltr'>et</span> <span class='ocrx_word' id='word_1_210' title='bbox 519 3937 667 4030; x_wconf 77' lang='lat' dir='ltr'>insuper</span> <span class='ocrx_word' id='word_1_211' title='bbox 697 3937 736 4006; x_wconf 87' lang='lat' dir='ltr'>in</span> <span class='ocrx_word' id='word_1_212' title='bbox 768 3931 847 4006; x_wconf 85' lang='lat' dir='ltr'>aliis</span> <span class='ocrx_word' id='word_1_213' title='bbox 887 3927 1083 4036; x_wconf 78' lang='lat' dir='ltr'>organismi</span> <span class='ocrx_word' id='word_1_214' title='bbox 1125 3924 1313 4022; x_wconf 83' lang='lat' dir='ltr'>particulis</span> <span class='ocrx_word' id='word_1_215' title='bbox 1344 3925 1434 3996; x_wconf 87' lang='lat' dir='ltr'>tales</span> <span class='ocrx_word' id='word_1_216' title='bbox 1464 3925 1701 4012; x_wconf 72' lang='lat' dir='ltr'>formationes</span> 
     </span>
     <span class='ocr_line' id='line_1_24' title="bbox 123 4061 1699 4176; baseline -0.029 -3"><span class='ocrx_word' id='word_1_217' title='bbox 123 4109 285 4173; x_wconf 68' lang='lat' dir='ltr'>retourne</span> <span class='ocrx_word' id='word_1_218' title='bbox 310 4080 577 4176; x_wconf 85' lang='lat' dir='ltr'>exprimuntur.</span> <span class='ocrx_word' id='word_1_219' title='bbox 625 4069 771 4141; x_wconf 83' lang='lat' dir='ltr'>Revera</span> <span class='ocrx_word' id='word_1_220' title='bbox 802 4070 898 4140; x_wconf 88' lang='lat' dir='ltr'>iuter</span> <span class='ocrx_word' id='word_1_221' title='bbox 929 4067 1096 4140; x_wconf 82' lang='lat' dir='ltr'>homines</span> <span class='ocrx_word' id='word_1_222' title='bbox 1121 4075 1229 4158; x_wconf 88' lang='lat' dir='ltr'>atque</span> <span class='ocrx_word' id='word_1_223' title='bbox 1262 4061 1468 4134; x_wconf 83' lang='lat' dir='ltr'>mamuralia</span> <span class='ocrx_word' id='word_1_224' title='bbox 1500 4065 1699 4144; x_wconf 72' lang='lat' dir='ltr'>inveniun.</span> 
     </span>
     <span class='ocr_line' id='line_1_25' title="bbox 119 4197 1695 4308; baseline -0.029 -1"><span class='ocrx_word' id='word_1_225' title='bbox 119 4247 182 4308; x_wconf 90' lang='lat' dir='ltr'>tur</span> <span class='ocrx_word' id='word_1_226' title='bbox 210 4249 285 4300; x_wconf 92' lang='lat' dir='ltr'>non</span> <span class='ocrx_word' id='word_1_227' title='bbox 319 4229 460 4294; x_wconf 85' lang='lat' dir='ltr'>tantum</span> <span class='ocrx_word' id='word_1_228' title='bbox 485 4211 643 4284; x_wconf 74' lang='lat' dir='ltr'>dirarum</span> <span class='ocrx_word' id='word_1_229' title='bbox 667 4203 877 4299; x_wconf 79' lang='lat' dir='ltr'>genitalium</span> <span class='ocrx_word' id='word_1_230' title='bbox 904 4203 1040 4276; x_wconf 86' lang='lat' dir='ltr'>formas</span> <span class='ocrx_word' id='word_1_231' title='bbox 1066 4197 1260 4272; x_wconf 80' lang='lat' dir='ltr'>defectivas</span> <span class='ocrx_word' id='word_1_232' title='bbox 1292 4197 1356 4268; x_wconf 88' lang='lat' dir='ltr'>aad</span> <span class='ocrx_word' id='word_1_233' title='bbox 1388 4198 1498 4270; x_wconf 87' lang='lat' dir='ltr'>etiam</span> <span class='ocrx_word' id='word_1_234' title='bbox 1533 4207 1695 4278; x_wconf 83' lang='lat' dir='ltr'>excessi.</span> 
     </span>
     <span class='ocr_line' id='line_1_26' title="bbox 118 4331 1696 4460; baseline -0.024 -18"><span class='ocrx_word' id='word_1_235' title='bbox 118 4395 204 4460; x_wconf 76' lang='lat' dir='ltr'>vas,</span> <span class='ocrx_word' id='word_1_236' title='bbox 227 4383 302 4436; x_wconf 88' lang='lat' dir='ltr'>non</span> <span class='ocrx_word' id='word_1_237' title='bbox 327 4353 538 4454; x_wconf 85' lang='lat' dir='ltr'>aphroditus</span> <span class='ocrx_word' id='word_1_238' title='bbox 560 4346 676 4420; x_wconf 87' lang='lat' dir='ltr'>solum</span> <span class='ocrx_word' id='word_1_239' title='bbox 700 4344 763 4414; x_wconf 87' lang='lat' dir='ltr'>sed</span> <span class='ocrx_word' id='word_1_240' title='bbox 788 4351 825 4414; x_wconf 87' lang='lat' dir='ltr'>et</span> <span class='ocrx_word' id='word_1_241' title='bbox 853 4335 1188 4436; x_wconf 82' lang='lat' dir='ltr'>hermaphroditos,</span> <span class='ocrx_word' id='word_1_242' title='bbox 1226 4355 1298 4454; x_wconf 82' lang='lat' dir='ltr'>quo</span> <span class='ocrx_word' id='word_1_243' title='bbox 1330 4331 1508 4408; x_wconf 84' lang='lat' dir='ltr'>sententis</span> <span class='ocrx_word' id='word_1_244' title='bbox 1538 4337 1696 4436; x_wconf 75' lang='lat' dir='ltr'>physio</span> 
     </span>
     <span class='ocr_line' id='line_1_27' title="bbox 117 4467 1693 4604; baseline -0.027 -22"><span class='ocrx_word' id='word_1_245' title='bbox 117 4513 284 4604; x_wconf 72' lang='lat' dir='ltr'>rogorum</span> <span class='ocrx_word' id='word_1_246' title='bbox 309 4515 453 4592; x_wconf 85' lang='lat' dir='ltr'>quoque</span> <span class='ocrx_word' id='word_1_247' title='bbox 477 4489 522 4560; x_wconf 87' lang='lat' dir='ltr'>de</span> <span class='ocrx_word' id='word_1_248' title='bbox 554 4482 770 4556; x_wconf 82' lang='lat' dir='ltr'>formatione</span> <span class='ocrx_word' id='word_1_249' title='bbox 802 4477 1003 4554; x_wconf 75' lang='lat' dir='ltr'>successiva</span> <span class='ocrx_word' id='word_1_250' title='bbox 1034 4469 1242 4567; x_wconf 75' lang='lat' dir='ltr'>genitalium</span> <span class='ocrx_word' id='word_1_251' title='bbox 1275 4480 1312 4542; x_wconf 90' lang='lat' dir='ltr'>et</span> <span class='ocrx_word' id='word_1_252' title='bbox 1343 4467 1576 4542; x_wconf 82' lang='lat' dir='ltr'>reiteratione</span> <span class='ocrx_word' id='word_1_253' title='bbox 1609 4473 1693 4550; x_wconf 77' lang='lat' dir='ltr'>for</span> 
     </span>
    </p>

    <p class='ocr_par' dir='ltr' id='par_1_9' title="bbox 116 4603 1761 4736">
     <span class='ocr_line' id='line_1_28' title="bbox 116 4603 1761 4736; baseline -0.039 -18.223"><span class='ocrx_word' id='word_1_254' title='bbox 116 4633 342 4736; x_wconf 56' lang='lat' dir='ltr'>marmio</span> <span class='ocrx_word' id='word_1_255' title='bbox 365 4623 578 4728; x_wconf 78' lang='lat' dir='ltr'>animalibus</span> <span class='ocrx_word' id='word_1_256' title='bbox 602 4619 716 4716; x_wconf 86' lang='lat' dir='ltr'>multo</span> <span class='ocrx_word' id='word_1_257' title='bbox 738 4613 971 4720; x_wconf 77' lang='lat' dir='ltr'>inferioribus</span> <span class='ocrx_word' id='word_1_258' title='bbox 994 4613 1244 4708; x_wconf 83' lang='lat' dir='ltr'>inventarum,</span> <span class='ocrx_word' id='word_1_259' title='bbox 1274 4603 1543 4706; x_wconf 64' lang='lat' dir='ltr'>comprobatur</span> <span class='ocrx_word' id='word_1_260' title='bbox 1589 4605 1691 4704; x_wconf 43' lang='grc' dir='ltr'>Βῆ</span> <span class='ocrx_word' id='word_1_261' title='bbox 1757 4647 1761 4654; x_wconf 88' lang='grc'><em>.</em></span> 
     </span>
    </p>
   </div>
   <div class='ocr_carea' id='block_1_8' title="bbox 975 4727 1201 4906">
    <p class='ocr_par' dir='ltr' id='par_1_10' title="bbox 975 4727 1201 4906">
     <span class='ocr_line' id='line_1_29' title="bbox 975 4727 1201 4906; baseline -0.018 -65"><span class='ocrx_word' id='word_1_262' title='bbox 975 4727 1077 4841; x_wconf 76' lang='lat' dir='ltr'>rm</span> <span class='ocrx_word' id='word_1_263' title='bbox 1197 4899 1201 4906; x_wconf 6' lang='grc' dir='ltr'><strong>Δ</strong></span> 
     </span>
    </p>
   </div>
   <div class='ocr_carea' id='block_1_9' title="bbox 0 0 2200 5710">
    <p class='ocr_par' dir='ltr' id='par_1_11' title="bbox 0 0 2200 5710">
     <span class='ocr_line' id='line_1_30' title="bbox 0 0 2200 5710; baseline 0 10"><span class='ocrx_word' id='word_1_264' title='bbox 0 0 2200 5710; x_wconf 95' lang='lat' dir='ltr'> </span> 
     </span>
    </p>
   </div>
  </div>
 </body>
</html>
