4334 5716
814 1417 1644 1526 Sectioseeunda

434 1670 439 1677 ·
512 1631 567 1722 de
596 1634 734 1746 prima
765 1629 1017 1742 genitalium
1048 1623 1306 1708 formatione
1336 1643 1379 1704 et
1410 1621 1463 1704 da
1494 1651 1644 1706 eorum
1676 1621 1921 1705 diversitate

1144 1775 1318 1856 sexnali.

1010 1987 1420 2016 *OQ-⁸¹⁸*

427 2243 590 2378 Nostro
615 2316 780 2397 tempore
807 2328 883 2375 mos
911 2318 963 2375 eat
995 2305 1031 2376 in
1066 2304 1374 2398 disquisitionibus
1397 2302 1653 2396 physiologicis
1678 2325 1699 2370 a
1725 2293 2007 2392 simplicioribus

428 2443 640 2537 organismis
666 2443 712 2509 ad
738 2442 1011 2533 compositiores
1036 2451 1073 2508 et
1103 2441 1249 2509 altiores
1274 2440 1464 2531 progredi,
1505 2440 1555 2507 ait
1580 2413 1833 2506 celeberrimus
1865 2436 2004 2506 Alber-

427 2596 483 2651 tus
522 2574 654 2647 Mekel.
705 2575 792 2643 Vita
818 2588 870 2644 est
895 2579 1060 2646 rimanda
1092 2578 1136 2646 ab
1161 2576 1285 2645 infimo
1311 2577 1444 2667 gradu,
1484 2576 1606 2667 itaque
1639 2587 1675 2644 et.
1705 2577 1743 2643 in
1775 2577 2002 2665 disquisitio-

424 2720 529 2786 nibus
554 2712 703 2804 originis
728 2725 764 2779 et
790 2712 1016 2781 formationis
1048 2712 1334 2804 ei'olutionisqne
1366 2735 1583 2803 organorum
1616 2710 1822 2803 genitalium
1850 2733 2000 2782 eorum-

423 2877 492 2946 que
517 2861 664 2920 mutuae
688 2849 875 2916 relationis
907 2851 1047 2920 ratione
1079 2872 1186 2920 sexus
1216 2848 1320 2918 nobis
1346 2859 1397 2917 est
1428 2848 1673 2940 incipiendum
1700 2871 1721 2915 a
1752 2847 1827 2918 rita
1858 2820 1997 2919 sexuali

422 2990 642 3083 polyporum
668 2995 704 3052 et
730 2985 962 3074 actiuhrnm,
996 2986 1243 3077 paulatimque
1270 2986 1314 3054 ad
1341 2983 1523 3054 hominem
1555 2995 1727 3074 tanquam
1751 2955 1902 3056 naturae
1926 3011 1995 3056 eo-

418 3149 545 3198 ronam
577 3121 892 3216 progrediendnm.
944 3121 1008 3189 Uti
1040 3122 1077 3190 in
1111 3123 1208 3189 omni
1244 3122 1450 3187 animalium
1485 3122 1595 3204 serie,
1637 3121 1686 3185 ita
1720 3121 1827 3188 etiarn
1858 3123 1895 3190 in
1919 3120 1994 3189 hu-

420 3283 527 3332 mano
561 3256 759 3343 embryone
791 3258 913 3324 variae
953 3265 1131 3344 apparent
1170 3253 1308 3346 largnac
1350 3276 1432 3320 cnm
1472 3251 1539 3322 illis
1580 3257 1863 3345 comparandae,
1904 3281 1993 3347 quas

416 3400 612 3488 systemata
643 3400 765 3455 nostra
797 3390 835 3458 in
874 3388 1105 3456 inferioribus
1144 3387 1267 3456 bestiis
1304 3400 1531 3481 percurrunt.
1583 3391 1745 3481 Embryo
1778 3416 1922 3485 quoquc
1953 3397 1993 3464 in

418 3532 536 3628 prima
573 3523 798 3617 graviditatis
835 3523 987 3615 periodo
1028 3523 1168 3592 ratione
1206 3525 1414 3616 genitalium
1460 3525 1516 3595 his
1556 3526 1747 3616 neophytis
1786 3537 1994 3623 comparari

417 3674 554 3763 potest,
580 3673 616 3730 ct
641 3658 810 3752 genitalia
835 3681 879 3727 eo
904 3670 1069 3750 tempore
1094 3661 1291 3729 certissime
1314 3663 1474 3728 nondum
1502 3662 1647 3746 adsunt;
1676 3663 1759 3752 quia
1784 3685 1851 3753 per
1873 3676 1991 3742 totam

416 3799 569 3874 hominis
593 3797 848 3866 formationem
880 3793 1065 3865 evidenter
1098 3796 1231 3882 elucet,
1269 3795 1570 3885 organisationem
1604 3797 1811 3886 genitalium
1846 3804 1990 3875 solum..

415 3938 521 4010 modc
545 3955 667 4005 versus
690 3933 799 4006 totius
824 3933 988 4025 corporis
1018 3933 1232 4003 evolationis
1263 3931 1372 3999 finem
1397 3931 1559 4020 protrahi
1591 3934 1635 4000 ad
1666 3932 1924 4023 perfectionem
1949 3957 1988 4013 et

411 4077 483 4170 jam
509 4066 795 4142 decrescentibus
821 4068 1016 4160 organismi
1044 4069 1176 4138 viribus
1205 4068 1338 4135 iterum
1371 4067 1596 4156 decrescere,
1635 4068 1908 4166 functionesquc
1933 4077 1986 4146 il.

410 4215 528 4283 lorum
562 4203 749 4276 annullari.
798 4202 922 4273 Prima
962 4227 1086 4273 eorum
1119 4202 1288 4271 formatio
1322 4203 1373 4271 sic
1405 4205 1509 4273 tarda
1541 4203 1790 4297 progreditur,
1829 4219 1869 4279 ut
1900 4227 1984 4306 post

410 4348 555 4418 tertium
578 4341 801 4433 graviditatis
833 4362 992 4410 mensem
1023 4342 1088 4412 rix
1119 4339 1273 4408 discerni
1308 4363 1433 4430 queas,
1473 4364 1519 4410 an
1550 4339 1701 4431 embryo
1734 4363 1810 4412 maa
1841 4369 1889 4417 sn
1919 4349 1984 4422 seq·

410 4483 516 4554 mella
547 4483 603 4550 sit.
656 4475 958 4570 Diligentissimus
997 4474 1198 4545 anatomiae
1237 4475 1559 4570 physiologiaeque
1596 4481 1863 4569 comparativae
1901 4485 1981 4556 dis-‘-

410 4619 562 4716 quisitor
585 4614 754 4688 Albertus
779 4612 957 4686 hlckclius
986 4613 1192 4704 contendit,
1223 4612 1277 4682 uti
1299 4613 1459 4686 canalem
1483 4614 1735 4688 intestinorum
1758 4618 1797 4691 iu
1821 4619 1981 4710 inferio:
