4390 5710
478 430 529 500 ⁸0
1182 422 1398 482 ἸΨ

477 629 625 723 regione
655 625 831 719 inquineli
864 625 1016 697 testiculi
1050 625 1123 694 duo
1154 625 1291 717 turgidi
1329 635 1364 694 et
1395 635 1449 694 sat
1481 626 1635 718 grandes
1666 625 1856 718 prodiere,
1899 651 2070 721 quorum

476 778 629 858 uterque
654 766 828 858 peculiari
860 775 978 833 scroto
1011 761 1274 832 continebatur.
1323 761 1421 830 Vasa
1454 764 1669 854 sperrnatioa
1701 764 1738 830 iu
1770 763 1919 856 inguine
1955 777 2069 836 tactu

470 904 777 978 discernebantur.
828 902 926 970 Inter
952 900 1018 968 hoe
1044 901 1198 968 mediam
1226 899 1332 992 pubis
1364 900 1546 990 regionem
1580 899 1771 991 occupavit
1796 904 1900 994 penis
1930 915 2067 974 curtus

469 1049 509 1110 et
534 1039 718 1111 crassitiae
745 1039 846 1129 digiti
878 1037 1040 1108 minoris.
1091 1035 1217 1122 Glans,
1246 1057 1338 1125 quae
1361 1045 1437 1103 tota
1470 1035 1546 1104 sere
1572 1037 1763 1128 praeputio
1792 1039 1936 1107 obtecta
1963 1038 2064 1128 suit,

468 1175 706 1268 imperiorata
729 1183 825 1264 crat·,
856 1169 920 1241 sub
955 1172 1084 1263 glande
1110 1171 1314 1240 sraenulum
1347 1171 1385 1239 in
1412 1172 1499 1240 duas
1533 1172 1687 1242 divisum
1719 1171 1786 1239 fnit
1819 1175 1911 1264 alas,
1956 1201 2059 1267 quae

468 1335 591 1387 versus
615 1312 788 1380 inferiora
813 1307 975 1404 perinaei
1002 1309 1038 1376 in
1065 1305 1243 1400 nymphas
1268 1307 1516 1376 decurrebant.
1566 1307 1638 1377 Sub
1657 1309 1763 1379 sutem
1790 1304 2058 1382 sraeuuli‘lria·

466 1461 523 1520 tus
547 1460 704 1541 septem,
732 1471 884 1538 qnorum
911 1446 982 1516 duo
1009 1445 1093 1513 satis
1119 1455 1282 1536 patentes
1315 1445 1385 1511 stili
1419 1445 1557 1533 apicem
1592 1445 1842 1538 excipiebant,
1882 1471 1930 1516 cx
1968 1451 2054 1539 qui-

462 1587 531 1661 bus
556 1587 594 1654 in
627 1586 768 1658 veneris
804 1595 923 1653 oestro
955 1581 1170 1650 albicantem
1203 1581 1419 1672 profluxisse
1452 1581 1650 1669 materiem,
1683 1607 1719 1650 se
1746 1584 2050 1656 animadvertisse

460 1721 722 1816 pronuntiarit.
774 1719 963 1789 [leelinato
990 1719 1029 1786 iu
1054 1717 1146 1786 latus
1170 1717 1335 1786 testiculo
1363 1717 1599 1789 vulroelabia
1624 1742 1644 1784 a
1669 1716 1835 1788 sraenulo
1863 1722 2049 1812 producta

460 1859 499 1930 in
532 1867 763 1948 conspectam
799 1877 948 1944 venere,
989 1855 1052 1922 nbi
1092 1853 1333 1945 nympharum
1374 1865 1409 1920 et
1449 1855 1723 1922 cerimoniarum
1759 1857 2048 1947 myrtiiormium

458 1993 595 2090 species
623 1991 853 2064 notabantur.
907 1991 981 2059 Sub
1014 1991 1136 2060 radice
1167 1991 1269 2080 penis
1304 2001 1439 2056 meatus
1473 1989 1651 2058 urinarius
1685 1993 1775 2060 ostio
1807 1998 1968 2064 rotundo
2002 1999 2044 2064 iu

457 2130 619 2202 canalem
644 2128 791 2199 brercm
819 2127 980 2213 transiit,
1015 2149 1086 2219 qua
1112 2125 1258 2193 masculi
1285 2126 1443 2193 adinstar
1469 2127 1553 2195 satis
1578 2139 1746 2220 prompte
1773 2131 1912 2198 urinam
1948 2157 2043 2224 pro·

452 2268 600 2340 trudere
626 2266 755 2356 potuit.
830 2263 884 2335 Os
917 2268 1066 2356 vaginae
1096 2262 1328 2333 constrictum
1356 2262 1535 2355 exquisito
1561 2287 1666 2334 sensu
1701 2265 1883 2356 donatum,
1911 2269 2040 2341 stilum

453 2412 663 2494 argenteum
691 2400 736 2467 ad
763 2399 865 2490 digiti
891 2401 1127 2491 logitudincm
1154 2397 1316 2485 admisit,
1350 2421 1395 2466 cx
1424 2422 1493 2490 qua
1519 2409 1640 2468 tamen
1672 2424 1855 2492 nunquam
1891 2428 2035 2480 meuses

452 2537 602 2610 stillasse
627 2535 720 2604 serio
747 2545 896 2603 testatus
923 2546 984 2606 est.
1034 2532 1114 2606 NB.
1139 2533 1371 2628 Epheruerid.
1405 2534 1467 2606 W.
1494 2536 1535 2604 C·
1570 2537 1671 2609 Ceut.
1697 2535 1764 2614 Ill.
1803 2549 1838 2609 et
1863 2539 1931 2611 lv.
1958 2544 2034 2615 ob.

449 2697 541 2748 serv.
573 2671 652 2743 145.
676 2694 757 2764 pag.
783 2669 867 2742 505.

544 2967 786 3041 Uratislariae
819 2963 944 3038 Mense
981 2967 1194 3040 Decembris
1234 2970 1326 3062 1735
1367 2969 1403 3038 in
1437 2970 1592 3064 palestra
1624 2971 1785 3065 pugilum
1819 2985 1923 3047 natus
1952 2976 2025 3050 suit

440 3107 560 3181 infans
585 3107 761 3198 iudaeus,
795 3106 855 3198 qui
883 3108 1001 3198 quoad
1029 3116 1148 3175 cetera
1180 3107 1344 3199 corporis
1369 3107 1530 3177 membra
1562 3105 1654 3178 beno
1687 3111 1931 3185 conformatus
1954 3138 2019 3184 se-

441 3246 566 3338 quenti
600 3241 808 3332 genitalium
841 3243 929 3312 vitio
962 3241 1161 3308 laborabat.
1214 3242 1323 3310 Penis
1349 3243 1439 3310 cutis
1461 3241 1670 3314 membrana
1697 3249 1796 3338 quasi
1822 3251 2018 3342 involutus,

438 3379 569 3473 glande
595 3374 693 3444 nuda
723 3395 845 3444 versus
879 3375 1049 3443 dextrum
1081 3376 1175 3444 latus
1209 3375 1398 3448 inclinatus
1430 3387 1467 3448 et
1499 3379 1755 3473 inperforatus,
1774 3397 1862 3457 erat.
1910 3387 2029 3459 Sero·-

437 3525 513 3585 tum
539 3511 764 3582 ordinarium
788 3509 851 3578 sed
877 3509 991 3602 rophe
1017 3513 1129 3603 magis
1154 3510 1246 3582 elata
1278 3511 1489 3605 sejunctum,
1516 3521 1554 3586 in
1594 3519 1692 3609 eujus
1716 3533 1861 3592 suturae
1886 3525 2016 3598 iuferi-

437 3651 494 3719 ori
525 3659 630 3742 parte
669 3644 928 3719 foraminulum
960 3648 1250 3740 conspiciendum
1285 3662 1381 3739 erat,
1422 3655 1518 3743 quod
1551 3655 1633 3724 stilo
1667 3657 1872 3730 intromisso
1904 3664 2015 3735 deor-

434 3805 513 3856 rum
537 3805 663 3858 versus
688 3807 797 3855 auum
824 3782 931 3877 dirigi
958 3784 1227 3880 observabatur,
1253 3813 1324 3881 quo
1357 3801 1393 3857 et
1418 3791 1558 3860 urinam
1586 3795 1761 3865 reddebat
1785 3797 1910 3870 infans.

528 4074 711 4149 lohannes
749 4077 1031 4174 christophorus
1061 4082 1119 4155 rel
1156 4083 1235 4156 Joh.
1276 4085 1500 4160 Christianus
1532 4091 1948 4192 LentgeGoslarensis,
1979 4124 2002 4172 a

427 4214 645 4310 Weisbergo
671 4214 899 4306 observatus,
938 4241 1029 4311 1792
1055 4222 1093 4288 ia
1120 4222 1236 4292 lucem
1270 4225 1387 4293 editus
1417 4237 1453 4295 et
1490 4233 1581 4319 1795
1617 4233 1813 4324 Gottingae
1844 4236 1999 4330 inquisi.

425 4364 482 4424 tus
506 4365 615 4446 atque
640 4352 814 4445 depictus.
864 4354 1028 4424 Scrotum
1053 4381 1168 4451 parve
1198 4363 1442 4452 prominentia
1468 4365 1569 4456 quasi
1601 4365 1637 4436 iu
1671 4368 1761 4438 duos
1792 4383 1915 4464 partes
1940 4375 1994 4446 rel

422 4487 650 4582 receptacula
697 4489 852 4562 divisum
901 4505 1103 4586 monstrat,
1160 4496 1198 4564 iu
1248 4496 1375 4589 quibus
1423 4502 1529 4572 ambo
1579 4505 1733 4574 testiculi
1781 4507 1833 4579 ita
1883 4511 1995 4584 mobi-

422 4623 476 4698 les
501 4625 720 4721 sentiuntur,
754 4639 795 4699 ut
817 4651 885 4722 per
911 4630 1084 4706 muudum
1115 4632 1380 4711 abdominalem
1410 4664 1471 4711 eos
1495 4644 1695 4736 reprimere
1724 4645 1824 4720 baud
1848 4649 1989 4724 difficile
