4334 5716
446 479 495 548 60
1028 547 1030 554 Α
1151 483 1363 530 αι’-ὣ

446 671 576 768 plaibus
601 673 648 744 ob
674 675 787 768 pelvis
812 663 1139 768 angustiam'valde
1162 677 1282 747 brevis
1307 687 1343 746 et
1367 674 1577 766 irnperlecta
1598 684 1667 758 est,
1699 697 1779 743 cum
1806 673 1930 766 proles
1959 675 2036 742 vix

447 811 704 903 sernipollicem
731 813 943 880 mentientes
968 822 1003 881 et
1027 835 1100 881 non
1126 837 1210 882 raro
1241 816 1304 882 vix
1336 813 1460 904 viginti
1495 812 1600 879 unius
1636 834 1736 901 gran.
1774 812 1917 902 pondus
1950 833 2040 878 ex-

447 947 631 1036 cedentes,
662 947 805 1038 jamjam
832 950 868 1016 in
895 951 1019 1017 nastris
1052 973 1289 1021 mammarum
1328 949 1567 1038 marsupium,
1618 946 1888 1014 continuatione
1931 947 2041 1015 cutis

448 1082 665 1175 formatum,
691 1087 729 1152 in
755 1085 958 1177 symplrysis
984 1086 1117 1154 ossium
1139 1087 1245 1176 pubis
1270 1089 1415 1178 regione
1442 1088 1549 1153 situm
1575 1091 1611 1152 et
1652 1082 1864 1174 genitalibus
1897 1092 2043 1174 parteis

449 1217 555 1310 hujus
580 1221 803 1312 praematuri
852 1234 1017 1315 ternpore
1053 1223 1213 1314 propriis
1247 1223 1414 1293 anusculis
1460 1223 1662 1307 admotum,
1701 1219 1949 1310 accipiuntur,
1997 1222 2041 1286 in

453 1377 528 1446 quo
554 1378 716 1448 quaeque
749 1379 872 1426 earum
905 1358 969 1427 uni
1001 1359 1128 1431 altrive
1158 1381 1395 1428 mammarum
1428 1357 1634 1442 inhaerent,
1678 1355 1832 1445 ideoque
1864 1357 2039 1426 evolutio

454 1494 656 1582 systematis
681 1492 804 1563 fibrosi
831 1518 974 1588 quoque
1006 1496 1044 1563 in
1078 1495 1234 1586 partium
1270 1494 1477 1584 genitalium
1506 1490 1787 1584 parencbymate
1822 1490 1929 1562 valde
1967 1493 2044 1560 im-

452 1627 613 1721 perfecta
639 1641 675 1699 et
700 1654 862 1722 supressa
888 1643 958 1718 est;
984 1642 1092 1721 atque
1118 1629 1389 1700 curationibus
1415 1628 1589 1720 oppositis
1615 1627 1651 1692 in
1678 1626 1756 1694 aliis
1780 1629 2045 1697 mammalibus

453 1765 568 1835 mrrlto
594 1765 789 1858 perfectior
813 1777 984 1860 apparet,
1016 1768 1126 1834 imum
1151 1764 1189 1832 in
1223 1765 1433 1853 quibusdam
1460 1764 1655 1854 praecipue
1688 1761 1726 1829 in
1763 1764 2040 1838 niniiuantibus

456 1902 626 1972 materies
651 1901 785 1972 fibrosa
809 1924 931 1975 veram
957 1912 1123 1972 naturam
1150 1900 1386 1970 musculosarn
1412 1900 1537 1968 induit.

556 2135 692 2208 Uterus
730 2139 976 2209 mammolium
1012 2137 1166 2230 simplex
1204 2138 1240 2204 in
1284 2135 1474 2230 srpsersscie
1512 2137 1654 2202 interna
1692 2135 1944 2226 irregulariter
1985 2151 2044 2205 est

459 2272 633 2365 sulcatus3
657 2276 697 2343 in
723 2278 835 2345 uteris
862 2277 1021 2344 cornutis
1046 2286 1165 2342 autem
1190 2297 1301 2365 rugae
1334 2271 1609 2363 longitudinales
1637 2274 1875 2340 cainunuuiter
1903 2275 2044 2340 obser-

459 2420 591 2482 vantur
623 2433 736 2500 aeque
771 2433 812 2476 ac
845 2411 883 2477 in
917 2408 1010 2478 tubis
1041 2411 1146 2501 ipsis,
1187 2433 1270 2477 raro
1302 2420 1442 2476 tantum
1479 2417 1596 2475 autem
1630 2430 1740 2499 rugae
1778 2411 2044 2480 transversales

463 2554 676 2634 occurrunt,
702 2545 755 2614 uti
781 2549 820 2615 in
844 2545 1006 2635 viverra,
1033 2545 1070 2614 in
1100 2569 1170 2636 qua
1195 2545 1425 2616 conniventes
1452 2554 1639 2636 apparent.
1679 2572 1682 2581 ¹

561 2759 605 2830 ln
636 2759 888 2832 mammalibns
920 2770 1043 2830 uterus
1077 2763 1184 2832 sicuti
1217 2760 1368 2830 directio
1403 2759 1510 2828 totius
1537 2761 1699 2854 eorporis
1733 2761 1933 2832 secundum
1967 2761 2046 2832 bo-

464 2897 640 2968 rizontcm
665 2899 845 2984 decurrit,
876 2906 912 2968 et
943 2896 1006 2968 ubi
1040 2908 1164 2969 uterus
1200 2897 1358 2966 bicornis
1382 2900 1583 2985 invenitur,
1623 2896 1673 2963 ibi
1706 2899 1890 2988 regionem
1918 2900 2045 2990 'pelvis

465 3032 622 3106 excedit.
673 3033 818 3104 Cornua
845 3031 919 3123 ejus
951 3044 987 3101 et
1010 3033 1117 3104 tubae
1151 3057 1197 3104 ex
1222 3034 1291 3103 illis
1324 3036 1429 3123 ortis,
1468 3034 1505 3101 in
1539 3045 1692 3125 utroque
1724 3035 1915 3103 colmanne
1956 3059 2046 3104 ver-

464 3169 650 3241 tebrarum
674 3169 806 3259 latere,
844 3170 889 3238 ad
922 3193 1025 3240 renes
1056 3193 1171 3263 nsque
1204 3168 1419 3254 ascendunt,
1458 3170 1580 3258 ibique
1607 3171 1772 3239 desirurnt
1804 3170 1842 3238 in
1869 3170 2050 3260 fimbrias,

468 3305 600 3395 quibus
624 3305 749 3372 oraria
779 3303 957 3388 adjacent.
1008 3305 1050 3371 In
1082 3304 1326 3372 nranrmaliuur
1361 3303 1574 3393 genitalibus
1606 3304 1780 3406 soemellis
1814 3331 1960 3399 quoque
1996 3309 2050 3377 li-

470 3448 638 3531 gamenta
661 3439 735 3506 lata
760 3461 833 3506 non
866 3437 980 3506 solnm
1014 3438 1206 3506 sedetiam
1238 3438 1301 3529 lig.
1333 3441 1523 3508 rotundum
1557 3452 1593 3508 et
1629 3411 1965 3510 utero-ovarinmn
1992 3447 2049 3516 si.

472 3575 549 3645 mul
573 3573 721 3664 adsunt,
750 3575 851 3642 etin
877 3572 1087 3664 quibusdam
1114 3573 1323 3643 animalibus
1347 3574 1540 3660 majoribus
1566 3568 1904 3669 sublimioribusque
1930 3581 2050 3652 fibrae

472 3712 691 3784 mirseulares
716 3711 817 3779 intra
838 3709 988 3778 laminas
1013 3709 1185 3802 duplicati
1208 3713 1413 3804 peritonaei
1437 3711 1652 3802 obveniunt,
1682 3713 1892 3804 quibuscum
1910 3721 2050 3787 oraria

473 3860 511 3916 et
535 3849 642 3916 tubae
668 3851 762 3916 inter
788 3869 825 3920 se
852 3856 1131 3934 connectuntur,
1166 3845 1255 3915 alius
1283 3845 1473 3914 fasciculus
1497 3849 1715 3918 marsculosus
1741 3859 1861 3918 autern
1889 3853 1930 3919 'et
1956 3855 2053 3944 qui.

471 3986 556 4052 dein
580 3982 727 4073 reliquis
751 3983 865 4071 major
890 3985 986 4049 intra
1011 3982 1159 4050 laminas
1192 3982 1268 4051 illas
1295 3980 1339 4047 ab
1374 3983 1496 4052 ovario
1529 4006 1651 4053 versus
1675 3984 1806 4054 collum
1832 3987 1930 4054 uteri
1955 3989 2051 4060 des..

473 4121 615 4208 cendit,
641 4119 746 4207 eique
772 4118 954 4204 inseritur,
980 4140 1049 4207 quo
1075 4116 1198 4186 oraria
1227 4118 1270 4185 ad
1296 4126 1437 4186 uterum
1477 4119 1513 4185 in
1541 4117 1732 4189 abdomine
1765 4121 1919 4192 firmiter
1951 4129 2053 4198 reti-

474 4270 618 4330 nentur.
670 4253 776 4322 Uteri
801 4252 918 4322 forma
944 4262 980 4319 et
1004 4262 1182 4321 structura
1218 4251 1431 4344 graviditate
1463 4254 1567 4322 valde
1593 4267 1770 4348 mutatur,
1808 4268 1936 4330 uterus
1973 4263 2057 4336 hu.

473 4418 601 4466 ntanus
626 4391 779 4460 sormam
806 4387 988 4482 globosam
1024 4391 1187 4476 assumit,
1220 4388 1279 4458 ille
1305 4387 1545 4458 mammalium
1584 4391 1740 4462 bicornis
1772 4404 1895 4464 autem
1930 4422 2057 4470 anu.

477 4556 577 4603 ntero
622 4528 861 4617 embvyonum
903 4535 1173 4616 contentorum,
1216 4527 1343 4619 quibus
1382 4527 1540 4618 aequalis
1584 4531 1843 4624 expensionum
1877 4553 2060 4614 mamerus

479 4665 755 4760 correspondet,
781 4664 880 4737 vario
905 4663 1013 4734 modo
1038 4675 1273 4760 permutatur.
