4334 5716
444 463 490 533 ,ᾖ
1135 468 1353 516 §rw-1*

340 762 346 773 ι
442 660 539 758 qnod
563 669 687 730 tamen
712 653 758 729 ab
786 657 912 730 orario
936 655 1094 728 solutum
1120 663 1197 746 est,
1219 655 1277 728 vel
1303 673 1324 726 a
1349 655 1491 728 delectu
1516 662 1737 732 necessariae
1761 658 2016 738 secundario-¹

439 801 498 874 nis
523 823 570 870 ex
594 808 700 892 porte
724 796 806 886 viri,
830 795 887 866 vel
913 795 959 864 ab
984 793 1109 887 inopia
1135 793 1343 866 nutritionis
1367 793 1575 865 sufficientis
1600 799 1752 870 duarum
1777 800 1834 872 vel
1857 800 2015 894 plurium

439 935 681 1030 embryonum
706 934 1023 1018 simultaneorum,
1060 932 1118 1002 vet
1143 956 1166 1000 a
1198 930 1342 1001 defectu
1367 929 1475 1023 spatii
1506 935 1699 1012 necessarii
1722 961 1806 1010 cum
1840 960 1935 1010 unus
1958 938 2017 1010 al-

437 1085 557 1146 terum
584 1073 811 1166 comprimit,
835 1080 872 1142 et
897 1069 974 1162 ejus
992 1068 1207 1164 expansioni
1231 1091 1271 1140 se
1294 1067 1460 1163 opponit.

535 1368 672 1446 Mixtio
698 1366 888 1471 oculorum
915 1368 946 1439 si
969 1389 1045 1440 non
1068 1365 1108 1436 in
1140 1365 1228 1460 ipsis
1255 1366 1408 1459 orariis,
1446 1375 1568 1441 tamen
1593 1369 1633 1438 in
1658 1369 1837 1442 solutione
1861 1369 2017 1462 illorum,

435 1511 473 1582 in
498 1510 648 1580 introitu
673 1531 741 1602 per
764 1505 927 1579 fimbrias
949 1503 989 1575 in
1020 1502 1182 1575 canalem
1213 1505 1406 1594 tuberum,
1438 1505 1478 1578 in
1501 1509 1656 1578 trsruitu
1680 1529 1750 1602 per
1773 1508 1881 1599 istas,
1917 1520 1954 1582 et
1976 1511 2016 1582 in

434 1649 515 1742 ipso
536 1647 635 1750 uteri
658 1667 749 1720 cavo
773 1644 968 1716 succedere
992 1665 1121 1739 posse,
1144 1663 1254 1712 nemo
1276 1639 1436 1736 negabit.

531 1939 731 2036 Quodlibet
756 1937 903 2015 ovulum
918 1963 967 2011 ex
990 1935 1132 2010 duobus
1157 1937 1376 2012 membranis
1399 1941 1638 2014 concentricis
1654 1943 1896 2036 componitur,
1922 1965 2013 2038 quet·

428 2093 510 2156 rum
535 2105 608 2152 una
633 2079 805 2169 interior,
828 2079 942 2149 altere
967 2078 1129 2149 exterior
1152 2089 1227 2166 est,
1258 2079 1354 2150 inter
1379 2099 1468 2171 ques
1489 2078 1643 2152 fluidum
1665 2105 1896 2177 summopere
1920 2103 2012 2156 cott-

428 2218 585 2312 gulabile
609 2217 826 2288 continetur·

525 2492 585 2568 An
609 2491 790 2570 vesiculae
815 2490 899 2565 illae
926 2493 964 2568 in
988 2491 1078 2588 ipsis
1109 2491 1243 2566 orariis
1267 2490 1550 2585 fructificemur,
1581 2491 1637 2565 uti
1661 2517 1736 2567 non
1762 2497 1849 2567 nulli
1877 2496 2008 2570 existi-

425 2646 545 2727 mant,
571 2658 618 2706 an
643 2631 752 2706 ovnla
776 2631 849 2724 jam
876 2641 960 2702 ente
992 2634 1128 2702 coitum
1153 2642 1414 2724 maturescant,
1449 2655 1494 2704 an
1521 2631 1682 2704 activitas
1715 2635 1941 2727 producendi
1966 2637 2008 2706 in

426 2771 674 2864 conceptionis
698 2782 881 2840 momento
907 2767 1076 2862 incipiat,
1109 2791 1177 2862 pro
1204 2780 1329 2838 nostro
1355 2793 1468 2865 scopo·
1490 2791 1641 2864 prorsus
1665 2774 1839 2862 perinde,
1870 2773 2007 2865 quoni-

425 2931 484 2978 sm
510 2910 546 2978 in
573 2927 788 3000 quocunque
811 2928 895 2975 casu
921 2905 1075 2976 materie
1101 2909 1256 2976 duorum
1282 2908 1472 2976 ovulorum
1500 2907 1724 2976 commisceri
1749 2917 1888 2998 potest,
1919 2905 2008 2978 ubi-

422 3069 565 3138 cunque
591 3045 663 3134 jum
689 3039 922 3144 fructificatio
947 3041 1004 3114 vel
1027 3045 1066 3114 irr
1091 3039 1237 3130 ovorio,
1266 3041 1325 3113 vel
1351 3040 1510 3112 intubis
1537 3037 1740 3131 lallopionis
1765 3041 1821 3112 vel
1848 3045 2006 3138 denique

424 3184 460 3252 in
494 3191 598 3248 utero
630 3179 817 3270 procedat.
866 3177 1068 3244 Permixtio
1099 3196 1188 3244 vero
1223 3173 1387 3243 materiei
1421 3176 1612 3246 ovulorum·
1645 3186 1680 3244 et
1713 3183 2004 3252 concrescens..

422 3315 605 3408 bryonum
639 3331 782 3403 semper
813 3306 895 3378 lieri
926 3307 1083 3402 poterit,
1121 3304 1183 3375 ubi
1216 3305 1345 3400 singuli
1376 3303 1537 3403 propriis
1571 3311 1783 3384 velamentis·
1814 3337 1888 3386 non
1920 3330 2006 3392 sunt

421 3449 571 3537 muniti,
604 3446 701 3540 quod
733 3445 959 3516 solummodo
983 3439 1022 3510 in
1052 3441 1333 3514 foecundetionc
1357 3445 1572 3515 simultanea
1598 3457 1660 3515 aut
1691 3450 2003 3542 supersoecunda-

422 3590 541 3676 bone,
571 3606 754 3678 nunquam
781 3592 899 3654 autem
925 3579 964 3649 in
989 3579 1299 3674 supersosratione·
1322 3583 1565 3673 contingitur3
1597 3587 1663 3652 etsi
1696 3609 1769 3656 non
1794 3589 1881 3658 nulli
1906 3615 2002 3663 con..

378 3811 381 3816 ‚
422 3725 595 3809 tendunt,
626 3719 876 3794 concretiones
907 3717 1070 3788 foetuum
1104 3742 1151 3788 ex
1181 3729 1334 3812 rupture
1363 3721 1509 3788 tunicae
1542 3717 1653 3788 amnii
1686 3723 1794 3812 oriri,
1834 3749 1926 3818 quae
1959 3731 2001 3800 in

419 3861 603 3954 plerisque
629 3855 792 3952 partibus
816 3855 1051 3952 gemellorum
1076 3853 1271 3946 unicuique
1297 3853 1487 3924 individuo
1509 3859 1660 3958 propria
1686 3867 1737 3928 est
1746 3878 1759 3948 3
1791 3863 2002 3956 saepissime

421 3998 574 4068 chorion
603 3995 749 4086 utrique
780 4015 992 4079 commune,
1021 3991 1139 4061 rarius
1170 4001 1290 4059 autem
1323 3987 1459 4084 duplex
1490 3989 1665 4084 placentis
1694 3993 1857 4090 perfecte
1886 4025 2002 4097 sepe-

420 4135 508 4206 ratis
532 4132 733 4218 invenitur,
765 4153 837 4222 quo
869 4151 953 4199 essu
978 4141 1098 4199 nutem
1129 4130 1210 4197 sine
1240 4128 1402 4220 periculo
1434 4127 1531 4199 vitae
1563 4141 1623 4198 siit
1649 4133 1721 4200 alic
1747 4132 1898 4208 minimo
1923 4137 1998 4208 da-

419 4275 590 4342 trimento
622 4266 659 4334 in
690 4265 829 4337 foetum
869 4276 1068 4336 matremve
1105 4261 1333 4334 redundante
1365 4277 1491 4358 partus
1530 4265 1764 4357 gemellorum
1798 4269 1836 4343 io
1868 4275 1996 4368 spatiis

421 4411 529 4482 nelde
558 4401 774 4476 distantibus
809 4403 934 4495 peragi
974 4410 1144 4496 possunt,
1185 4403 1282 4493 qood
1321 4403 1360 4474 in
1394 4399 1562 4474 instituto
1605 4400 1798 4478 Viennensi
1836 4374 2001 4502 publico,

422 4542 612 4642 puerperis
643 4541 842 4626 destinato,
883 4543 940 4609 cui
973 4539 1230 4610 celeberrimus
1257 4549 1293 4610 et
1326 4539 1415 4610 milri
1456 4531 1779 4616 venerandissimus
1810 4543 2004 4622 Professor

421 4681 521 4756 Beer
543 4687 708 4772 praeest,
730 4677 841 4749 semel
864 4675 1065 4751 observari.
