4334 5716
1614 501 1619 509 .
1683 486 1742 578 ³7

212 715 219 741 ι
256 677 354 770 Quia
379 685 498 758 autem
523 695 651 746 casnm
675 671 745 744 hoc
776 673 913 746 uiscera
938 669 1155 742 immediate·
1177 673 1427 745 continencia
1461 676 1620 752 foemina
1644 701 1729 752 ma.
1802 758 1807 770 ,

155 815 209 910 gis
226 837 342 908 quam
366 815 405 884 in
429 835 529 883 mare
550 819 788 902 »angustatum
814 816 885 898 est,
924 803 1033 878 etism
1065 819 1236 879 contenta
1259 809 1409 881 sninoris
1440 811 1661 888 extensionis
1687 841 1730 889 ac

154 948 345 1024 voluminis
370 955 447 1020 aste
473 947 605 1017 debere
636 944 733 1040 clare
756 943 929 1038 patescit,
965 942 1017 1012 sic
1040 945 1086 1014 de
1111 945 1221 1015 corde
1248 955 1356 1039 atque
1386 951 1431 1020 de
1456 949 1551 1022 vasis
1574 949 1745 1044 nr'sjori.·

155 1083 222 1180 bus
247 1093 283 1154 et
308 1083 532 1157 rumoribus
570 1081 673 1154 Haec
697 1080 907 1152 discrimina
932 1103 976 1151 eo
1000 1081 1114 1172 magis
1139 1075 1358 1174 elucescent,
1371 1087 1412 1174 si
1437 1055 1642 1180 exquisitor
1660 1113 1730 1184 per
1815 1087 1821 1102 ’

152 1242 276 1293 amnes
302 1221 464 1312 corporis
489 1229 587 1288 artus
614 1216 796 1286 muliebris
824 1228 1006 1290 structura
1040 1217 1264 1307 dominetur3
1301 1232 1516 1292 evanescent
1546 1223 1726 1296 differen-

63 1361 66 1366 '
149 1359 224 1426 tiae
258 1363 297 1426 in
332 1355 552 1448 viraginibus
588 1363 624 1422 et
656 1349 824 1422 foeminis
856 1349 903 1423 sd
934 1351 1099 1424 habitum
1139 1351 1280 1426 virilem
1312 1347 1568 1436 accedentibus
1598 1368 1729 1456 utpote

150 1485 337 1586 rebiproce
361 1491 399 1562 in
425 1491 511 1564 viris
536 1487 780 1561 characterem
805 1485 1016 1560 muliebrem
1042 1487 1320 1586 possidentibus·

1 1929 6 1940 ·
112 1931 122 1954 .
247 1877 408 1986 Amare
437 1881 663 1957 lineamentis
699 1879 818 1954 minus
848 1881 1002 1954 excultis
1026 1893 1068 1952 st>
1096 1875 1364 1975 determinatis,
1402 1893 1466 1958 aut
1497 1883 1569 1958 alis
1602 1891 1736 1962 tamen·

149 2019 495 2114 corporispartium
520 2017 755 2112 singularium
786 2016 905 2090 forms
931 2029 967 2087 et
990 2019 1154 2124 ratione,
1195 2019 1396 2114 majorique
1429 2021 1590 2114 partium
1624 2026 1725 2096 mol-

146 2149 236 2222 lium
261 2153 411 2224 laxitate
436 2154 639 2246 minorique
663 2153 798 2250 ossium
830 2154 1031 2246 quantitate
1055 2163 1164 2246 atque
1196 2154 1358 2248 pondere
1382 2153 1541 2226 foemina
1565 2166 1621 2228 est
1644 2131 1759 2233 dis.,'

145 2285 281 2378 tincta3
306 2287 425 2359 minor
449 2296 584 2358 sutem
595 2285 671 2379 ejus
700 2266 888 2380 longitudo
915 2261 988 2358 non
1012 2299 1089 2360 tam
1113 2309 1161 2358 ex
1184 2287 1330 2360 delectu
1352 2289 1527 2386 materiae
1549 2291 1726 2386 plasticae
1748 2371 1756 2402 N
1809 2282 1812 2301 '

146 2443 252 2536 quam
276 2423 397 2516 potius
431 2443 477 2494 ex
515 2422 640 2494 innata
674 2423 878 2492 intensione
916 2424 962 2492 orl
996 2421 1348 2516 approximationem
1378 2424 1520 2497 formae
1539 2427 1723 2522 globosae
1796 2511 1824 2531 ‚
1869 2437 1874 2444 “

145 2557 234 2626 oriri
261 2557 412 2709 videtur.
462 2555 582 2628 Massa
614 2556 737 2627 sceleti
769 2531 940 2708 foeminei
965 2557 1144 2626 diminuta
1174 2557 1219 2626 de
1243 2555 1319 2647 ejus
1350 2558 1493 2630 disersa
1515 2564 1564 2634 nd
1599 2577 1719 2642 totum

142 2828 275 2916 virilis,
302 2831 331 2898 si
358 2853 431 2900 mas
457 2853 571 2922 aeqne
596 2854 638 2900 ac
663 2829 823 2900 {nemina
851 2827 994 2920 vigente
1027 2837 1144 2898 aetate
1177 2847 1221 2898 or
1256 2847 1435 2914 annorum
1458 2828 1650 2928 fruuntur,
1682 2852 1721 2914 et
1777 2858 1790 2876 ²

142 2960 286 3057 utrique
311 2986 441 3058 corpus
466 2973 519 3030 est
544 2964 706 3054 pondere
743 2965 950 3036 125-130
974 2971 1029 3054 ω,
1061 2961 1152 3035 ossis
1175 2961 1363 3034 exsiccatis
1381 2963 1428 3034 ad
1452 2989 1603 3040 massam
1632 2973 1718 3048 To.

140 3097 212 3206 tius
235 3095 380 3166 circiter
405 3119 441 3166 se
466 3093 576 3164 habet
602 3106 643 3164 ut
673 3097 753 3183 ro,5
781 3095 829 3164 ad
858 3115 974 3184 1o,o-
953 3094 1107 3164 -sceleti
1133 3095 1336 3166 muliebris
1343 3107 1464 3168 autem
1489 3102 1716 3182 solummodo

139 3195 253 3318 alid,
269 3231 290 3300 5
318 3231 364 3300 ad
401 3227 856 3320 100.Praecipuete‘rra
887 3227 991 3296 acido
1016 3227 1261 3320 phosphorico
1292 3221 1528 3327 praegnata
1516 3257 1554 3306 sn
1580 3243 1717 3318 ossium

137 3367 419 3464 cylindricorum
445 3363 612 3460 diaphysi
636 3385 747 3456 parce
774 3361 893 3432 difusa
916 3371 989 3466 est3
1029 3362 1234 3458 apophyses
1258 3363 1381 3438 sceleti
1413 3357 1587 3440 foeminei
1602 3397 1732 3471 ιιιυμ

136 3504 301 3576 culorum
324 3499 514 3572 insertioni
527 3489 771 3570 'inservientes
798 3520 912 3592 aeque
936 3499 1144 3592 graciliores
1163 3498 1438 3596 debilioresque
1452 3516 1538 3576 sunt
1556 3531 1605 3579 ae
1629 3534 1715 3588 ms.

134 3661 247 3714 nuum
277 3626 555 3732 plantarumque
588 3635 722 3728 pedum
755 3657 836 3704 ossa
873 3633 1106 3730 irregularia,
1145 3635 1385 3708 sessamoidea
1422 3639 1474 3711 sic
1505 3639 1623 3740 dicta,
1663 3653 1712 3725 ad

134 3775 408 3849 articulationes'
426 3773 545 3844 obvia.
585 3767 690 3842 *Ossa
713 3761 907 3866 opplanata
938 3794 1112 3842 coxarnm
1143 3771 1389 3864 scapularum,
1426 3745 1539 3872 sterni
1564 3791 1601 3850 et
1626 3801 1714 3876 conj

135 3923 255 3984 tarum
279 3917 363 3977 sunt
386 3905 498 3976 multo
521 3905 701 3998 tenuiora,
726 3917 855 4002 utpote
879 3915 998 3977 totum
1017 3903 1192 3978 muliebre
1216 3905 1385 3980 sceletum
1410 3911 1556 3984 laevius.
1605 3917 1710 3992 Tbo·
1790 3913 1799 3924 ”

133 4073 203 4124 rex
226 4043 387 4116 mulieris
412 4039 574 4111 absolute
598 4053 735 4114 sumtus
764 4063 908 4136 semper
932 4041 1030 4127 virili
1055 4043 1293 4146 contractior,
1331 4050 1620 4146 coarctatiorque
1643 4055 1711 4128 in·
1754 4067 1756 4070 ·

131 4185 296 4271 venitur,
322 4179 480 4252 'rabone
510 4185 633 4248 autem
664 4175 866 4252 abdominis
901 4177 1099 4272 capitisque
1130 4177 1335 4252 differentia
1364 4181 1455 4254 baec
1486 4181 1559 4275 jam
1591 4189 1708 4282 major

132 4323 254 4398 adhuc
278 4327 450 4412 apparet3
479 4313 652 4386 nimirum
675 4313 835 4388 thoracis
858 4335 1027 4410 suprema
1057 4336 1142 4410 pars
1167 4317 1351 4410 angustior
1374 4315 1520 4412 ejusque
1543 4329 1707 4400 eternum

131 4469 185 4534 est
207 4453 371 4544 brevius3
406 4455 449 4526 in
484 4453 564 4525 viro
593 4475 726 4548 corpus
749 4452 862 4526 sterni
893 4451 1124 4552 manubrium
1155 4475 1261 4528 suum
1291 4451 1518 4552 longitudine
1551 4453 1625 4558 bis,
1664 4460 1706 4536 iu

127 4593 288 4672 loeurina
304 4577 432 4665 'sitem
454 4591 572 4688 sesqui
595 4599 737 4666 tantum
759 4601 917 4702 superat
