4390 5710
874 466 1092 512 “³“
1698 463 1773 538 '¹05

248 671 254 684 ·
284 655 378 728 Cum
402 654 548 729 interim
570 648 780 728 humano
804 649 850 728 de
875 650 1075 728 directione
1098 649 1205 746 huic·
1229 651 1364 728 omelia
1388 647 1522 730 dertior
1546 657 1624 730 dete
1645 655 1768 752 vellet,

183 792 333 864 ductum
360 792 581 865 deferentem
606 802 689 886 post
713 790 886 866 vesiculas
917 791 1107 864 seminales
1130 793 1281 887 incidit,
1306 804 1425 888 ,atquo
1448 793 1576 868 tubum
1599 795 1765 891 hydrus
1804 799 1808 806 '

185 951 278 1026 gyro
303 919 481 1022 repletum
504 929 543 998 in
568 925 702 1000 canalis
734 927 932 1003 deferentia
955 927 1077 1000 lunser
1101 929 1268 1019 immisit,
1307 953 1381 1024 quo
1403 929 1500 1002 iacto
1525 953 1599 1004 non
1623 940 1765 1020 tentum

185 1065 231 1140 de
256 1065 384 1157 omni,
399 1089 470 1158 que
494 1064 611 1134 lertur
635 1064 789 1152 canalis,
815 1063 1035 1154 directione,
1067 1064 1131 1138 sed
1156 1066 1202 1136 de
1227 1063 1385 1157 ejusdem
1409 1065 1637 1138 memorabili
1661 1057 1764 1140 exiti
1880 1127 1885 1136 .
1985 1059 1990 1072 ’

185 1199 318 1277 cer-tior
342 1201 507 1275 redditur
530 1195 612 1270 suit.
663 1197 767 1272 Vidit
798 1195 972 1274 nimirum
995 1199 1065 1272 hoc
1090 1199 1245 1274 artificio
1269 1203 1398 1272 ductus
1422 1201 1520 1272 hunc
1543 1199 1766 1274 deferentem
1862 1205 1867 1212 '

184 1337 347 1410 conulem
370 1359 498 1411 revere
524 1336 561 1408 in
588 1356 632 1407 eo
659 1337 803 1408 circiter
826 1335 928 1428 loco,
947 1356 1035 1430 ‚quo
1058 1325 1254 1426 seeundum
1281 1315 1465 1431 pertenire
1486 1337 1647 1412 mulieris
1671 1313 1764 1412 nor}

184 1495 283 1544 mern
307 1473 416 1544 tuboe
438 1459 675 1566 Follopionae
698 1449 841 1544 uterrim
865 1482 1073 1564 transeunt,
1105 1471 1298 1566 proprium
1322 1473 1485 1544 matricis
1506 1483 1648 1544 textum
1671 1494 1765 1570 per·
1899 1519 1906 1524 -

86 1649 90 1656 ·
183 1605 325 1699 farere,
350 1621 387 1681 et
409 1609 553 1681 interno
579 1609 675 1680 uteri
699 1607 832 1702 parieti
863 1607 1141 1698 adhaerescere,
1172 1609 1322 1694 minime
1346 1629 1435 1684 vero
1458 1608 1582 1680 hiante
1607 1606 1659 1678 ibi
1682 1608 1768 1682 ori·⁸

183 1745 269 1823 ficio
296 1747 443 1840 aperiri,
468 1743 531 1816 sed
554 1765 680 1840 versuo
702 1743 798 1814 uteri
823 1756 1016 1836 utrumque
1039 1743 1133 1817 lutus
1160 1743 1207 1816 od
1231 1743 1405 1816 iuferiora
1425 1743 1565 1818 reilecti
1589 1754 1627 1814 et
1651 1765 1764 1816 mem·

139 1917 143 1924 ·
184 1882 300 1954 breue
324 1905 474 1976 rugosa,
507 1899 599 1974 quoe
624 1902 672 1952 ex
696 1877 819 1948 tunica
843 1882 986 1950 interne
1011 1879 1163 1990 reginos
1188 1881 1228 1950 in
1249 1893 1391 1952 uterum
1416 1859 1596 1976 producte
1619 1879 1764 1952 contie-

182 2029 256 2107 tur,
282 2019 333 2088 ita
355 2019 443 2109 tegi,
466 2027 508 2086 ut
531 2015 630 2086 nrdln
646 2013 706 2084 hic
731 2013 933 2089 absconditi
956 2015 1084 2110 dumus
1097 2017 1252 2121 euspicio
1274 2017 1419 2088 orietur.
1471 2017 1579 2087 Tunc
1604 2015 1763 2124 demum,

183 2149 248 2222 ubi
271 2149 403 2238 injecto
429 2151 607 2220 mercurio
622 2151 750 2220 ductus
775 2150 982 2219 extenditur
1006 2160 1043 2220 et
1057 2147 1262 2242 amplietur,
1288 2150 1452 2224 ridemus
1474 2151 1513 2220 in
1528 2150 1657 2221 dextro
1671 2149 1765 2225 uteri

185 2287 334 2382 regione
357 2285 415 2358 vel
440 2285 559 2378 potius
584 2291 683 2354 tectu
708 2284 879 2356 sentimus
902 2283 999 2354 hunc
1023 2281 1183 2358 conulem
1209 2307 1333 2356 versuo
1356 2286 1451 2376 uteri
1475 2285 1652 2358 cervicem
1676 2285 1765 2388 dete

137 2487 144 2517 ,
186 2424 340 2496 uendere
364 2432 402 2490 et
425 2419 561 2514 plicam
583 2419 897 2512 longitudinalem,
924 2420 987 2512 qui
1012 2419 1051 2489 in
1076 2420 1223 2494 sinistro
1251 2422 1343 2492 uteri
1368 2421 1540 2516 cystoidia
1563 2421 1679 2496 latere
1701 2419 1764 2498 ri-
1805 2481 1809 2488 .

185 2559 311 2648 detur,
336 2555 381 2628 ab
407 2555 477 2626 hoc
500 2553 730 2653 prominente
753 2555 864 2626 ductu
891 2555 980 2626 oriri
1006 2553 1178 2626 certiores
1202 2555 1404 2632 reddimur.
1531 2631 1536 2638 ,

286 2850 361 2926 Ubi
387 2849 531 2920 dentum
556 2848 650 2918 uteri
672 2845 807 2918 collum
832 2849 951 2942 attigit
981 2848 1112 2918 ductus
1136 2847 1319 2938 deterens,
1343 2848 1383 2918 in
1408 2845 1568 2938 ejusdem
1592 2813 1765 2920 sudeton·

189 2993 278 3064 tism
303 3012 342 3060 so
367 2983 548 3077 immergit
572 2992 607 3052 et
631 3005 728 3054 nunc
760 2983 950 3057 imminuto
981 2983 1115 3054 sensim
1146 2981 1324 3054 diametro
1359 2984 1452 3056 adeo
1484 2981 1659 3054 decrescit
1689 2981 1768 3074 ejus

188 3129 333 3216 lumen,
372 3106 547 3194 aternio
572 3129 824 3207 nonormato,
855 3116 924 3190 nisi
956 3116 1172 3192 dineutatur
1202 3119 1384 3192 mercurio
1408 3119 1554 3210 ductus,
1595 3117 1767 3214 persequi

189 3261 345 3365 eundem
369 3259 527 3348 imperes
550 3256 671 3328 simun

185 3524 188 3530 Ι
290 3549 489 3628 Descendit
516 3557 648 3637 nutem,
671 3545 726 3616 uti
750 3541 899 3615 effluens
922 3539 1028 3613 nohis
1050 3543 1224 3618 mercurii
1247 3543 1388 3638 guttula
1411 3514 1581 3634 ostendit,
1618 3543 1664 3616 ed
1688 3544 1770 3616 ori.
1847 3523 1855 3544 ’

192 3648 269 3772 ficii
300 3687 417 3777 uteri,
455 3683 519 3756 ubi
549 3684 646 3754 idern
678 3681 716 3752 in
745 3680 897 3772 ragione
928 3675 1122 3774 ampullam
1152 3680 1404 3771 protenditur,
1439 3693 1636 3778 utrumque
1666 3679 1779 3768 lutus,

193 3831 257 3904 ubi
290 3827 384 3898 ostio
415 3819 617 3913 perexiguo
647 3816 873 3888 terminatur.
921 3811 1026 3884 llaec
1058 3813 1216 3906 portium
1249 3812 1458 3906 genitalium
1493 3823 1673 3888 structure
1699 3839 1770 3886 un·

193 3971 361 4058 drogyne
398 3957 493 4028 hunc
524 3951 629 4027 nohis
658 3952 850 4047 proprium
882 3947 1041 4022 ostendit
1070 3943 1338 4038 chmamorem
1367 3945 1608 4040 ejaculatoria'
1626 3954 1773 4024 sentinis

195 4099 337 4180 orificio
361 4095 399 4166 in
432 4091 558 4163 eodem
589 4089 733 4160 circiter
766 4087 937 4158 methrae
967 4085 1115 4178 regione
1139 4085 1295 4180 operiri,
1337 4089 1435 4178 quod
1461 4085 1676 4181 inperfecti
1702 4086 1773 4156 riri

73 4246 79 4267 ⁸
194 4233 373 4314 urethrali
397 4229 528 4302 isthmo
554 4224 787 4314 observatur,
825 4215 973 4316 utrique
1001 4221 1182 4335 orificium
1206 4222 1245 4292 in
1277 4220 1443 4316 vaginam
1467 4223 1687 4304 ruothrudem
1705 4219 1772 4290 ¹liin

194 4371 369 4476 protendi
391 4366 603 4458 duobusque
627 4361 729 4432 ostiis
751 4360 976 4456 perforatum
1007 4379 1084 4430 esre
1107 4355 1263 4430 colliculi
1288 4357 1668 4459 seminalisadinctar,
1709 4355 1773 4448 qui

196 4511 329 4586 eodem
353 4507 392 4576 in
416 4491 498 4574 loco
521 4501 607 4572 licet
626 4499 781 4590 exiguae
818 4497 936 4592 plicae
955 4493 1075 4568 serrae
1101 4494 1264 4566 eminent
1288 4515 1407 4586 porro
1437 4489 1626 4564 columella
1649 4487 1775 4564 renue

198 4631 383 4722 mun
405 4639 605 4738 peremtus
612 4687 625 4732 ,
661 4635 787 4710 eodem
805 4635 921 4732 plene
935 4634 1103 4760 ratione,
1135 4653 1179 4704 ac
1201 4630 1243 4714 in
1263 4627 1635 4726 uomexemplcri,
1666 4629 1775 4722 -quod
