4390 5710
427 453 504 546 'rrli
840 517 844 525 ι
1122 461 1338 526 *mlv

432 673 536 768 penis
561 671 696 766 optime
722 667 906 742 formatus.
957 668 1071 740 Glaus
1097 662 1173 753 ejus
1197 667 1490 757 proportionata,
1514 652 1647 758 pair'tim
1661 663 1852 759 praeputio
1881 666 2010 754 ciucta',

432 822 667 881 coronatam
693 809 859 877 distincta
884 807 1051 900 praedita
1075 803 1163 891 suit,
1187 814 1230 870 ut
1253 803 1402 893 perlecti
1436 802 1506 872 viri
1531 825 1665 896 organo
1692 805 1921 893 adaequaret.
1971 803 2015 870 ln

431 947 572 1038 glandis
607 967 745 1017 summo
780 946 959 1013 orificium
996 943 1132 1036 patuit,
1165 961 1232 1032 per
1266 937 1364 1029 quod
1401 938 1507 1031 algali
1540 963 1603 1007 seu
1637 938 1734 1008 stilus
1766 941 1943 1008 immissus
1974 940 2013 1006 in

433 1085 587 1152 vesicam
622 1083 818 1153 urinariam
853 1078 1084 1172 penetrabat,
1125 1078 1221 1146 unde
1253 1099 1348 1144 nunc
1377 1100 1505 1168 parurn
1538 1077 1686 1163 urinae,
1724 1075 1774 1142 ibi
1809 1085 2010 1164 contentae,

431 1221 593 1311 profluit.
645 1218 753 1287 Penis
776 1218 961 1309 longitudo
986 1213 1202 1283 metiebatur
1217 1224 1292 1282 tres
1317 1211 1464 1304 pollices
1492 1223 1527 1282 et
1548 1214 1749 1300 dimidium,
1772 1213 1917 1303 ejusque
1932 1214 2009 1280 cir-

433 1347 671 1424 cumferentia
696 1365 815 1422 autem
842 1365 915 1422 tres
940 1351 1087 1444 pollices
1114 1373 1194 1419 cum
1223 1359 1378 1441 quatuor
1403 1348 1515 1417 lineis.
1565 1349 1703 1419 Urinae
1728 1373 1799 1418 uon
1827 1350 1916 1418 alius
1941 1347 2010 1417 suit

434 1490 553 1557 exitus
580 1512 687 1580 quam
712 1490 875 1580 corporis
901 1488 1005 1577 hujus
1038 1486 1184 1561 canalis.
1233 1485 1275 1552 ln
1308 1485 1559 1576 pudendorum
1581 1486 1694 1581 ¹labiis
1720 1486 1914 1575 majoribus
1939 1497 2011 1554 tes·

431 1624 531 1694 ticuli
559 1647 630 1694 uon
658 1625 944 1696 inveniebantur.
997 1622 1138 1715 Vagina
1151 1621 1350 1692 normalem
1377 1644 1480 1690 suum
1506 1620 1633 1692 habuit
1658 1627 1764 1692 situm
1791 1625 1827 1690 in
1844 1623 2009 1691 interiori

433 1759 562 1830 vulvae
597 1773 711 1853 parte.
786 1763 920 1852 Digitis
964 1763 1101 1829 intrans
1142 1758 1346 1878 exploserit
1372 1782 1470 1846 eam,
1514 1759 1637 1849 ibique
1668 1761 1805 1830 invenit
1831 1761 2009 1829 oriliciunr

432 1896 546 1988 uteri,
573 1898 673 1988 cnjus
697 1900 876 1990 margines
900 1898 1067 1989 perduri,
1093 1906 1133 1965 ut
1159 1896 1210 1967 ita
1234 1894 1369 1985 dicam,
1404 1893 1626 1986 cartilagiuei
1651 1894 1761 1964 luere.

529 2177 572 2247 In
599 2188 725 2271 aperto
752 2177 943 2247 abdomine
969 2177 1019 2245 nil
1045 2177 1179 2267 detegit
1204 2174 1406 2267 singulare,‘
1433 2155 1582 2244 aderant
1605 2176 1750 2260 oraria,
1784 2178 1892 2246 tubae
1919 2177 2008 2277 Fal-

430 2311 615 2404 lopianae,
656 2325 691 2382 ct
725 2325 848 2384 uterus
890 2313 1100 2383 scirrlrosus.
1154 2310 1355 2380 lllentulam
1387 2311 1482 2382 virili
1520 2311 1627 2380 morlo
1654 2336 1761 2404 saepe
1793 2315 1936 2406 saepius
1970 2337 2007 2384 se

433 2449 581 2536 arigissc
608 2452 755 2518 maritus
783 2449 846 2516 luit
874 2459 1039 2531 testatum
1074 2471 1118 2514 au
1145 2459 1285 2516 erectus
1316 2470 1434 2516 semen
1462 2459 1523 2515 aut
1557 2448 1662 2516 aliam
1690 2451 1875 2517 materiam
1903 2451 2005 2518 simi-

432 2582 503 2650 lem
530 2607 687 2675 uuquam
716 2588 889 2671 emiserit,
917 2585 1084 2670 nescivit,
1107 2586 1340 2652 ureristruatio
1367 2596 1487 2652 autem
1514 2584 1689 2674 regularis
1714 2595 1839 2675 utpote
1866 2586 1945 2655 aliis
1970 2589 2002 2656 in

430 2717 598 2789 foeminis
621 2723 789 2812 adparuit
814 2701 973 2810 periodis
1010 2721 1117 2788 certis
1143 2734 1177 2787 et
1203 2721 1396 2791 ‹lestinutiu
1446 2719 1702 2790 Ast'soemiua
1728 2745 1910 2813 uunquam
1937 2747 2003 2818 pe-

431 2855 539 2948 perit.
588 2855 715 2926 Facies
739 2857 791 2925 illi
819 2867 896 2926 erat
918 2856 1053 2948 pilosa,
1079 2879 1154 2927 vox
1179 2857 1287 2946 dura,
1315 2879 1443 2945 rauca,
1469 2855 1592 2926 virilis.

529 3131 572 3228 5)
598 3137 730 3206 Uterus
755 3131 914 3206 bicornis
948 3145 1054 3228 atquc
1089 3149 1309 3208 monstrosus
1345 3136 1439 3209 Tab.
1465 3137 1513 3209 ll.
1547 3136 1625 3229 Fig.
1660 3135 1723 3206 Vl.
1749 3138 1943 3212 delineatus
1968 3155 2003 3217 et

394 3274 503 3361 ‘jeria
529 3297 637 3364 supra
664 3297 745 3365 pag.
778 3297 833 3343 ιι.
861 3285 1101 3357 memoratus,
1128 3299 1224 3342 nuuc
1250 3276 1381 3342 clarius
1408 3285 1526 3340 autem
1552 3274 1823 3368 describendus,
1849 3300 1869 3345 e
1894 3279 2003 3348 cada-

432 3430 517 3476 vere
553 3407 732 3476 foeminae
770 3411 816 3476 58
850 3432 933 3478 amr.
973 3421 1133 3501 suurptus
1178 3409 1255 3478 suit.
1305 3410 1439 3478 Uterus
1480 3421 1726 3500 repraesentat
1761 3412 1832 3480 duo
1873 3438 2004 3484 cornua

431 3545 682 3614 convenientia
706 3544 744 3613 iu
769 3568 900 3635 corpus
922 3569 1033 3614 ummr
1058 3546 1225 3636 pollicem
1260 3557 1297 3614 ct
1322 3547 1465 3637 longum
1492 3555 1527 3612 et
1561 3545 1668 3614 latum
1691 3557 1797 3637 atque
1822 3558 1894 3618 tres
1920 3576 2008 3643 qua·

431 3688 567 3748 trames
598 3681 739 3770 pollicis
771 3692 890 3772 partes
926 3681 1164 3770 profundum,
1202 3683 1296 3772 quod
1332 3683 1390 3749 uil'
1413 3683 1480 3749 uisi
1515 3683 1700 3772 utriusque
1730 3705 1843 3754 cornu
1873 3688 2004 3760 collum

431 3837 620 3884 commune
654 3827 719 3888 est.
772 3816 964 3886 Orilicium
1005 3817 1087 3884 colli
1124 3829 1312 3886 externum
1349 3817 1419 3888 litt.
1445 3815 1480 3889 b.
1524 3816 1626 3887 labiis
1658 3820 1747 3906 suis,
1785 3821 1879 3888 inter
1912 3849 2003 3915 quae

429 3951 522 4018 rima
548 3953 792 4020 transversalis
816 3952 978 4041 obvenit,
1018 3955 1053 4021 in
1081 3955 1245 4045 vaginam
1273 3953 1461 4024 abscissam
1495 3957 1723 4045 anteriusquo
1749 3967 1910 4046 apertam
1935 3960 2003 4032 litt.

431 4111 462 4156 a,
489 4110 521 4154 a.
546 4086 748 4177 prominct;
772 4089 905 4156 labium
933 4090 1112 4180 [liuterius
1144 4090 1393 4188 tantummodo
1421 4089 1603 4181 paululum
1632 4093 1736 4160 solito
1764 4091 1900 4182 minus,
1933 4119 2002 4166 ne-

432 4246 501 4314 que
523 4233 577 4291 sat
604 4221 694 4291 bene
721 4223 927 4292 distinctum
965 4235 1030 4297 est.
1084 4226 1197 4294 Utero
1228 4228 1362 4294 disoeto
1388 4223 1424 4292 in
1460 4239 1688 4317 conspectum
1718 4229 1865 4297 veniunt
1889 4231 2004 4322 plicae

429 4359 608 4452 palmatae
633 4359 728 4446 colli,
755 4383 846 4450 quae
868 4361 997 4429 sensim
1023 4361 1060 4429 in
1087 4361 1180 4429 uteri
1205 4384 1341 4429 cornua
1367 4384 1503 4448 crassa,
1531 4363 1674 4430 circiter
1699 4387 1811 4432 unum
1836 4365 2000 4456 pollicem

431 4506 466 4565 et
492 4495 678 4564 dimidium
704 4495 812 4586 longa
837 4507 874 4563 et
907 4495 1094 4564 dimidium
1123 4497 1288 4588 pollicem
1313 4497 1405 4584 lata,
1432 4501 1526 4567 intus
1550 4522 1639 4569 cava
1665 4501 1873 4570 membrana
1898 4504 2000 4596 laevi,

430 4654 577 4700 mucosa
612 4628 788 4718 obducta,
827 4653 1019 4724 versusque
1053 4633 1222 4703 tubarum
1255 4645 1375 4703 ortum
1401 4636 1480 4704 sinu
1514 4659 1623 4704 cocco
1647 4638 1684 4704 in
1711 4637 1910 4710 desinentia
1932 4664 2002 4712 ex-
