4334 5716
477 489 527 562 56
1170 479 1386 538 'se-ew

478 689 723 787 precipueque
763 708 811 754 ex
848 681 1051 755 anatomiae
1091 679 1343 774 pathologicae
1382 694 1484 768 casu,
1528 699 1632 748 ame
1669 677 1858 753 observato
1893 692 1930 750 ct
1970 681 2080 750 iulia

481 821 708 908 adducendo,
731 820 935 913 apparebit.
985 818 1081 888 Fere
1121 840 1245 885 omncs
1280 815 1485 909 physiologi
1512 816 1626 886 nostri
1664 818 1760 906 aevi,
1798 817 1843 886 de
1868 840 2077 910 compara-

479 967 582 1035 tione
607 970 644 1028 et
669 957 832 1047 analogia
857 956 1018 1046 partium
1057 954 1267 1046 genitalium
1294 950 1478 1042 utriusque
1516 976 1621 1021 sexus
1655 954 1901 1042 dissertantes,
1939 955 2074 1022 norni-

480 1101 596 1173 natim
624 1093 733 1163 Celeb
778 1087 1029 1160 Akermanuus
1060 1091 1098 1158 in
1133 1088 1280 1156 infantis
1312 1087 1514 1178 androgyni
1547 1088 1699 1158 lustoria
1731 1088 1823 1157 hanc
1859 1088 2073 1181 glandulam

481 1259 564 1308 cum
589 1228 789 1300 substantia
820 1229 1011 1317 spongiosa
1045 1225 1136 1292 uteri
1171 1231 1491 1314 comparaverunt3
1543 1224 1599 1291 uui
1632 1225 1794 1316 opinioni
1821 1227 1928 1293 etiam
1963 1225 2068 1294 Clar.

479 1369 671 1446 Professor
689 1363 916 1432 Ticdcmann
935 1363 972 1430 in
991 1359 1163 1452 opusculo
1190 1383 1254 1428 suo
1282 1359 1335 1426 de
1362 1355 1599 1448 acephalis
1623 1360 1825 1450 germanice
1851 1359 2067 1452 conscripto

480 1506 652 1579 accedere
676 1498 838 1586 videtum
873 1520 954 1564 eum
980 1495 1083 1563 dicit:
1116 1493 1270 1562 testie-nli
1297 1517 1409 1584 aeque
1436 1517 1477 1561 ac
1504 1496 1626 1563 oraria
1652 1506 1755 1563 utero
1782 1495 2065 1588 conjungrmtur,

479 1657 519 1717 et
543 1639 653 1737 paulo
680 1633 847 1702 inl'crius:
880 1631 1028 1698 urethru
1054 1629 1168 1700 virilis
1194 1640 1246 1698 est
1272 1630 1421 1722 vaginae
1456 1629 1639 1710 muliebris
1666 1631 1859 1721 anulogon3
1889 1656 1974 1700 cum
2002 1643 2064 1702 ten

475 1802 564 1855 men
596 1773 668 1864 jam
701 1768 770 1836 alio
810 1767 890 1835 loeo
923 1767 1031 1834 dixit:
1071 1766 1110 1832 iu
1150 1765 1307 1833 masculo
1353 1765 1550 1855 embryone
1599 1769 1640 1833 ili
1681 1767 1928 1856 lieptonratum
1965 1767 2063 1836 labin

479 1914 619 2004 majora
644 1906 758 1976 rimae
783 1902 946 1995 genitalis
971 1901 1085 1992 rapha
1120 1900 1309 1988 conjuncta
1341 1911 1497 1969 scrotum
1523 1900 1699 1988 sormunt,
1731 1913 1766 1968 et
1797 1902 1892 1972 lubia
1918 1905 2064 1972 minora

479 2056 650 2123 concreta
683 2052 720 2110 et
752 2064 772 2108 a
809 2036 940 2129 glande
978 2035 1082 2127 penis
1115 2045 1301 2125 protracta
1352 2035 1536 2102 uretlrrarn
1585 2040 1814 2106 constituunt.
1884 2034 1953 2107 Ast
1992 2062 2067 2107 ne.

476 2185 663 2284 quesitus
713 2197 831 2266 neque
880 2172 1016 2260 forma,
1073 2193 1192 2259 neque
1245 2182 1425 2239 structura
1481 2196 1600 2263 neque
1659 2172 1796 2239 surrctio
1852 2173 2062 2266 analogiam

476 2325 579 2394 illam
609 2319 704 2386 inter
735 2321 878 2379 uterum
912 2317 949 2375 et
985 2306 1189 2397 glandulam
1227 2317 1424 2397 prostatam
1457 2308 1705 2400 comprobant.
1757 2309 1889 2378 Uterus
1923 2311 1968 2376 in
2002 2311 2063 2380 di.

477 2446 640 2532 rectione
666 2445 836 2517 tuburum
867 2441 1164 2532 Fallopianarum
1193 2454 1244 2511 est
1275 2444 1433 2533 positus,
1472 2443 1523 2510 uti
1552 2443 1728 2512 vesiculae
1759 2445 1951 2514 seminales
1982 2470 2064 2516 clun

476 2589 644 2666 ductibus
679 2577 923 2651 deserentibus
955 2577 1166 2665 cohaerent5
1206 2578 1333 2646 ductus
1373 2578 1593 2666 ejaculatorii
1633 2588 1751 2647 autem
1791 2579 1941 2649 omnino
1981 2607 2064 2654 cum

478 2729 575 2803 ¹collo
600 2733 638 2794 et
662 2717 802 2790 orificio
829 2712 924 2783 uteri
949 2714 1183 2803 conveniunt3
1217 2716 1268 2781 ita
1305 2713 1450 2802 quidem
1483 2726 1523 2782 ut
1554 2737 1627 2784 non
1651 2739 1735 2783 raro
1764 2716 1894 2784 collum
1923 2725 1965 2786 et
1993 2719 2063 2788 ori-

471 2867 599 2941 ficium
625 2859 695 2928 illis
720 2850 886 2923 ductibus
909 2848 1015 2919 simili
1040 2850 1149 2918 modo
1182 2849 1363 2942 duplicata
1387 2849 1632 2921 observentur.
1683 2851 1822 2920 Collum
1850 2853 1950 2921 uteri
1982 2877 2063 2927 ver.

471 3028 534 3074 sus
566 2995 746 3068 orilicimn
788 2999 976 3056 externum
1009 3010 1113 3054 sacco
1153 2986 1345 3076 spongioso
1377 2986 1528 3076 vaginae
1572 2987 1882 3078 circumcingitur,
1928 3000 2061 3085 utpote

470 3131 662 3210 canaliculi
686 3123 874 3196 seminales
904 3145 1058 3212 corpore
1088 3122 1296 3211 prostatieo.
1349 3122 1387 3188 Si
1423 3123 1549 3189 duetus
1581 3123 1781 3192 deserentes
1813 3134 1849 3191 et
1875 3127 2061 3198 vesiculae

469 3267 662 3345 seminales
682 3261 795 3352 magis
819 3282 860 3350 se
883 3257 1130 3340 retraherent,
1163 3255 1330 3345 glandula
1356 3266 1516 3346 prostata
1550 3280 1691 3348 quoque
1716 3223 1849 3350 partim
1874 3282 2059 3354 sequere.

470 3421 550 3497 tur,
590 3421 721 3491 corpus
754 3395 830 3486 ejus
865 3401 1133 3478 attenuaretur,
1175 3401 1481 3482 excavaretnrque
1519 3391 1671 3481 vaginae
1703 3394 1811 3464 simili
1843 3398 1981 3488 modo,
2026 3417 2062 3472 ut

468 3550 611 3622 meatus
635 3531 891 3604 secretionibus
917 3526 1153 3596 vesicularum
1186 3527 1411 3598 seminalium
1436 3526 1681 3619 ductuumque
1707 3529 1963 3625 deserentium,
1994 3564 2061 3632 per

467 3683 600 3760 'ductus
623 3667 874 3758 ejaculatorios
900 3661 1115 3751 emittendis,
1141 3674 1345 3750 remaneat3
1373 3672 1479 3752 atque
1505 3666 1652 3733 ansuino
1677 3667 1829 3757 perinde
1855 3682 1973 3763 (sset,
2014 3700 2057 3746 an

466 3814 550 3890 talis
572 3808 698 3878 ductus
724 3791 973 3894 ejaculatorius
998 3796 1153 3890 simplex
1177 3810 1213 3867 et
1240 3797 1417 3867 orificium
1452 3799 1532 3866 colli
1560 3803 1654 3868 uteri
1679 3812 1863 3894 vocatum,
1896 3830 1944 3876 an
1980 3813 2056 3884 dn.

468 3954 578 4048 Flex,
608 3947 674 4032 sit,
733 3942 786 4010 uti
837 3941 875 4007 in
925 3936 1022 4009 virili
1080 3958 1234 4027 corpore
1290 3933 1490 4018 invenitur3
1551 3934 1613 4002 ubi
1669 3937 1856 4029 utriusque
1912 3951 2059 4019 canalis

416 4070 421 4078 ’
466 4082 717 4182 apertisime,
745 4075 807 4166 qui
832 4073 923 4142 ostia
948 4071 1132 4141 seminalia
1164 4070 1351 4186 dicantar,
1384 4068 1422 4139 in
1448 4071 1630 4140 uretluarn
1657 4083 1783 4166 patent
1814 4045 1916 4148 retro
1947 4104 2055 4175 pro.

464 4219 679 4299 minantium
706 4212 885 4305 quandam
912 4208 1102 4298 oblongam
1129 4229 1176 4274 ex
1200 4208 1278 4297 ipsa
1303 4205 1451 4275 uretlrra
1477 4221 1738 4302 assurgentem,
1768 4235 1878 4304 quae,
1903 4227 2056 4296 attenta

463 4363 602 4452 figura,
628 4357 737 4440 caput
761 4346 1003 4439 gallinaginis‚
1036 4355 1098 4414 aut
1124 4367 1275 4435 granum
1307 4342 1566 4436 hordeaceum,
1604 4345 1661 4416 vel
1687 4369 1708 4415 a
1732 4347 1803 4416 situ
1826 4349 1922 4420 inter
1947 4363 2053 4433 ostia

463 4491 671 4577 seminalia,
716 4481 910 4553 caruncula
943 4481 1122 4550 seminalis
1160 4481 1381 4574 appellatur,
1421 4491 1456 4549 et
1487 4483 1684 4574 praecipue
1716 4483 1892 4559 fibrarum
1924 4496 2051 4564 serni.·

462 4630 746 4710 musculosarum
778 4618 1049 4707 continuatione
1080 4642 1127 4691 ex
1161 4617 1290 4713 angulo
1324 4618 1498 4690 anteriori
1529 4621 1693 4718 corporis
1733 4620 1868 4718 trigoni
1906 4650 2051 4707 ,versus
