4390 5710
293 602 335 694 ὅ)
360 559 464 670 llnlra
488 595 660 688 Bergoult
692 553 968 687 Andegariensis
999 591 1124 680 habitu
1155 571 1363 662 masculino*
1378 599 1414 696 et
1438 591 1552 664 barba
1578 593 1680 688 nigra
1705 595 1769 670 in·

192 749 328 812 structa
353 739 514 815 virorum
540 731 719 818 moribus,
740 731 892 799 amictu
917 729 1156 798 foeminarum
1181 729 1308 800 induta
1332 743 1379 798 ex
1409 727 1552 800 tumore
1576 755 1706 826 magno
1733 729 1782 808 in'

133 935 137 940 .
193 877 341 968 inguine
365 873 508 942 sinistro
534 869 702 960 gravibus
727 865 1029 959 symptomatibns
1055 863 1266 954 alllictatur3
1298 869 1390 958 petit
1415 869 1588 941 auxilium
1611 871 1771 968 chirurgi

191 1009 366 1112 Peletier,
401 998 462 1098 qui
489 1006 657 1074 examine
684 1003 728 1074 de
759 1012 900 1072 tumore
925 1003 1107 1086 instituto,
1133 1001 1322 1070 insuetam
1354 1005 1563 1094 genitalium
1595 1007 1770 1082 fabricam

89 1155 99 1176 ⁸
192 1145 366 1232 advertit,
394 1147 439 1212 de
466 1165 538 1232 quo
563 1141 754 1210 certiorem
788 1139 909 1208 reddit
933 1137 1046 1207 celeb.
1078 1137 1348 1208 Bondenarium
1377 1139 1615 1216 parisiensem
1642 1149 1769 1228 etDr.
1885 1132 1891 1154 ’

191 1265 397 1352 Citavereul
422 1275 647 1370 Andagariae
661 1274 875 1346 medicinam
899 1280 1142 1342 exercentem.
1193 1273 1277 1362 Hic,
1302 1297 1395 1366 quae
1411 1277 1500 1348 vidit
1515 1289 1552 1347 ct
1573 1281 1611 1348 in
1627 1283 1707 1354 vira
1735 1295 1773 1356 et

191 1417 231 1486 in
256 1417 442 1514 cadavere,
469 1413 696 1504 sequentibus
721 1409 844 1480 refert.
895 1407 1076 1480 instructa
1101 1418 1180 1514 erat
1205 1433 1299 1500 pene
1334 1411 1523 1482 clitorideo
1554 1425 1691 1509 septem
1723 1429 1770 1500 ad

192 1560 275 1634 octo
301 1551 475 1620 linearum
503 1550 689 1637 diametri,
715 1541 882 1640 pollicem
910 1569 1021 1614 unum
1049 1556 1085 1615 et
1109 1545 1297 1620 dimidium
1325 1545 1450 1641 longo,
1483 1549 1612 1640 glande
1637 1561 1769 1630 tarmi-

188 1697 275 1759 nato
300 1687 492 1788 praeputio
518 1686 658 1766 cincta3
694 1684 759 1754 aub
785 1685 915 1776 glande
947 1682 1065 1754 sulcus
1088 1683 1228 1768 aderat,
1264 1684 1325 1774 qui
1358 1707 1426 1774 pro
1447 1687 1654 1778 recipienda
1679 1714 1769 1786 upa..

72 1801 81 1824 '
131 1799 135 1808 ¹
187 1823 270 1892 thra
296 1824 493 1892 destinatus
517 1817 723 1907 videbatur.
761 1819 916 1920 [Canalis
941 1819 1109 1888 nretlrroe
1135 1820 1252 1888 tennis
1276 1818 1337 1888 aed
1361 1807 1527 1892 dilatatus
1552 1825 1618 1894 sub
1645 1831 1767 1927 virgae

185 1959 346 2054 medium
373 1959 513 2028 orilicio
541 1958 665 2040 desiit,
707 1955 850 2023 esulco
876 1956 1013 2046 glandis
1039 1956 1085 2024 ad
1116 1953 1300 2023 uretlrrarn
1327 1979 1438 2066 usque
1464 1959 1666 2034 sraenulum
1694 1993 1766 2062 ap..

188 2071 312 2186 paruit
336 2103 538 2160 cutaneum.
588 2087 643 2158 Ab
669 2087 810 2157 orilicio
836 2088 1006 2158 methrae
1032 2089 1069 2156 in
1085 2091 1215 2158 dextro
1229 2089 1342 2180 latere
1366 2091 1553 2164 descendit
1576 2099 1670 2192 plico
1695 2129 1764 2177 cu.

187 2241 295 2300 tanea
321 2226 455 2314 major,
482 2235 573 2315 miae
599 2225 759 2316 pudendi
783 2220 918 2316 labium
944 2223 1153 2314 simulabat;
1178 2226 1216 2294 in
1242 2223 1387 2296 sinistro
1412 2225 1526 2298 latere
1549 2233 1640 2304 haec
1656 2245 1763 2333 cutis,

129 2371 133 2388 '
184 2363 280 2458 plica
304 2385 325 2430 a
351 2371 512 2447 tumore,
539 2360 599 2448 qui
626 2358 736 2428 cutim
763 2358 1003 2447 distenderat,
1045 2359 1161 2428 deleta
1194 2371 1281 2454 erat.
1332 2357 1497 2452 Vaginae
1521 2371 1652 2441 ostium
1678 2379 1765 2447 nul..

104 2470 123 2536 '¹
168 2453 258 2570 'lum
284 2497 346 2566 sed
373 2517 485 2566 annus
511 2493 607 2562 iulia
632 2492 763 2584 patuit.
813 2492 884 2562 Ex'
905 2495 1039 2590 annulo
1071 2494 1209 2586 prodiit
1233 2505 1371 2584 tumor,
1407 2498 1468 2588 qui
1493 2503 1623 2595 capitis
1647 2461 1765 2584 insen.
1827 2523 1855 2591 ,·

184 2636 259 2706 tilis
284 2629 529 2726 magnitudine
552 2628 598 2739 ab
622 2627 682 2697 ilei
709 2627 796 2696 ossis
828 2630 933 2722 apina
965 2630 1145 2724 superiori
1179 2649 1300 2698 versus
1324 2631 1430 2721 pubis
1467 2657 1591 2709 arcum
1614 2643 1762 2739 obliquo

186 2759 296 2842 ductu
312 2761 522 2861 'procedens
547 2767 584 2832 in
609 2761 710 2832 immi
738 2765 871 2836 ventris
905 2789 993 2836 cava
1025 2787 1148 2836 versus
1179 2763 1495 2856 lrypochondrium
1521 2770 1705 2850 sinistrum
1729 2793 1766 2854 et

186 2903 432 3002 epygastrium
458 2899 630 2972 ascendit.
651 2919 654 2926 ·
679 2897 769 2968 Post
805 2909 958 2970 mortem
991 2873 1160 2990 aegrotae
1192 2899 1373 2970 Chevreul
1405 2905 1559 3001 cadaver
1591 2917 1764 3008 apporia
1858 2933 1863 2946 ,
1920 2914 1925 2926 .

137 3078 139 3089 ,
186 3044 270 3130 bat,
315 3041 376 3132 qui
418 3036 483 3106 sub
516 3046 659 3104 tumore
685 3033 841 3104 vesicam
874 3036 1041 3112 deorsum
1074 3037 1223 3126 urgente
1254 3047 1401 3146 uterum
1430 3017 1559 3112 calum
1592 3047 1762 3138 pollicem

184 3181 333 3271 longum
360 3139 516 3240 etuteri
543 3169 719 3240 cervicem
747 3169 902 3256 detexit,
942 3167 1002 3260 qui
1029 3171 1064 3238 in
1092 3168 1277 3238 uretbram
1310 3173 1405 3241 ovali
1430 3177 1523 3245 ostio
1547 3161 1672 3254 hiabo't
1699 3209 1764 3258 su.

129 3367 134 3377 ·
179 3315 306 3416 parius
328 3309 426 3378 labio
451 3305 604 3374 rubente
630 3303 785 3391 obtecto.
833 3305 877 3373 In
902 3303 1015 3374 latere
1040 3305 1136 3374 uteri
1151 3305 1281 3376 dextro
1306 3289 1542 3405 ligamentum
1567 3328 1652 3388 rotu
1676 3319 1764 3396 dum
1819 3293 1824 3298 Ι

179 3447 365 3534 adhaesit,
391 3453 426 3512 et
451 3443 545 3519 inter
570 3440 756 3532 ligam'enti
770 3439 834 3508 lati
860 3439 1010 3508 laminas
1035 3443 1199 3514 osanam
1225 3453 1261 3512 et
1286 3443 1394 3514 tubae
1409 3448 1702 3548 reperiebantur3
1725 3457 1765 3530 in
1893 3520 1896 3529 ,

176 3587 326 3660 sinistro
359 3581 476 3650 latere
510 3575 721 3648 observatus
744 3573 815 3644 luit
839 3585 960 3645 tumor
984 3573 1226 3666 hydropricua
1252 3580 1386 3671 ovarii,
1420 3584 1479 3652 cui
1504 3583 1591 3654 tuba
1615 3589 1761 3664 sinistra

182 3717 459 3814 imponebatur,
509 3733 595 3804 para
619 3711 723 3801 hujus
748 3711 899 3807 tumoris
924 3711 961 3779 in
986 3710 1180 3780 abdomine
1206 3721 1301 3802 erat,
1326 3681 1512 3921 parsgjus
1550 3733 1669 3794 autem
1695 3751 1764 3822 per

178 3855 354 3931 annulum
384 3847 545 3936 transiit,
592 3857 628 3916 et
659 3857 840 3918 tumorem
865 3847 1025 3918 exterius
1050 3847 1238 3919 visendum
1263 3851 1433 3922 constitui
1459 3901 1470 3944 ,
1502 3857 1541 3928 in
1566 3858 1759 3938 abdomine

175 3989 433 4068 mesenterium
474 3985 513 4052 in
541 4003 694 4056 massam
718 3985 935 4058 acirrhosam
960 3982 1005 4056 ab
1048 3983 1109 4056 ilei
1133 3985 1282 4078 regione
1319 3987 1369 4058 ad
1398 3969 1609 4086 processum
1647 4001 1759 4074 aterni
1888 4050 1895 4069 ,

173 4126 425 4226 xypboidaum
451 4119 670 4195 coaluerunt.

256 4439 296 4534 6)
307 4433 434 4508 ,Mara
448 4437 699 4530 androgynum
725 4401 906 4527 describit,
931 4435 989 4508 cui
1014 4433 1117 4531 penis
1140 4442 1218 4507 erat
1241 4435 1512 4530 impostorem,
1536 4437 1602 4508 sub
1628 4421 1790 4522 eodem,

174 4573 435 4676 rimaduplici
467 4573 566 4651 ¹⁸5⁹
598 4574 734 4666 dms
771 4571 811 4646 5¹²
849 4569 950 4670 tulna
979 4573 1127 4652 u'niatro
1157 4572 1340 4648 metiore
1372 4595 1506 4671 corpus
1535 4575 1639 4678 ovata
1670 4579 1754 4654 aad
