4390 5710
445 478 498 573 ψ
1141 460 1356 526 ἱνα-α·

446 673 614 771 procedit
640 670 749 758 cutis,
776 671 815 738 in
839 669 920 742 riro
948 666 1046 737 omni
1072 664 1189 737 subito
1216 667 1438 761 pinguedine
1465 668 1627 759 enititur,
1654 680 1690 740 et
1715 672 1888 741 densioris
1915 673 2020 742 simul

444 826 565 881 tamen
593 809 793 875 ductilioris
819 808 1008 874 cellulosae
1033 807 1127 872 telae
1152 807 1263 874 refert
1289 807 1464 894 indolem,
1505 807 1614 891 ade0,
1656 818 1694 874 ut
1721 811 1823 899 penis
1850 810 1950 898 quasi
1976 811 2022 877 de

444 947 634 1041 symplrisis
661 968 746 1011 arcu
772 946 928 1034 protrusi
946 942 1051 1010 radix
1078 943 1176 1010 nuda
1204 953 1238 1009 et
1261 941 1375 1011 libera
1402 944 1457 1028 sit,
1484 966 1564 1009 eum
1592 954 1751 1011 econtra
1776 945 1888 1013 multo
1916 943 2022 1034 adipe

443 1088 575 1176 stipata
602 1083 691 1149 cutis
718 1105 764 1147 ex
790 1082 929 1148 veneris
956 1079 1045 1146 colle
1071 1080 1119 1145 in·
1141 1079 1328 1146 foemineis
1360 1080 1571 1170 genitalibus
1605 1079 1771 1146 deorsum
1800 1083 1837 1148 in
1861 1078 2021 1170 pudendi

441 1221 538 1291 labia
564 1219 797 1310 producatur.
850 1217 891 1284 In
918 1217 1110 1307 aphrodito
1138 1225 1259 1283 nostro
1285 1214 1442 1282 fabricae
1471 1217 1650 1305 quoddam
1677 1218 1772 1283 inter
1796 1218 1892 1285 illam
1918 1237 2019 1287 mas⁴

390 1436 394 1450 Ι
442 1357 512 1426 cuti
541 1364 575 1422 et
601 1355 696 1420 illam
723 1353 893 1419 foeminei
911 1355 1073 1442 corporis
1098 1353 1257 1419 medimn
1282 1363 1481 1442 spectatur,
1509 1358 1603 1443 qnod
1632 1356 1774 1443 <pridem
1800 1355 1895 1424 labia
1920 1376 2015 1421 scro-

441 1494 527 1560 talia
555 1491 606 1558 uti
632 1491 669 1555 in
695 1489 862 1555 foeminis
888 1513 1017 1578 penem
1045 1489 1270 1557 clitorideum
1305 1490 1522 1575 reconduut;
1562 1489 1620 1555 bic
1648 1493 1781 1580 quippe
1808 1502 1845 1558 ut
1872 1491 2016 1558 invitis

441 1628 600 1697 exterius
625 1625 825 1715 dependet,
864 1637 898 1691 et
924 1625 1026 1691 labiis
1051 1626 1104 1691 uti
1130 1637 1248 1693 scroto
1275 1622 1468 1710 incumbit,
1514 1627 1575 1692 sed
1611 1639 1727 1692 ‘arnon
1761 1629 1933 1715 insignem
1968 1626 2014 1696 ad

439 1742 543 1859 penis
569 1763 747 1846 radicem,
785 1758 847 1826 ubi
874 1761 968 1827 idern
1002 1765 1153 1852 proprio
1188 1763 1233 1828 ad
1263 1761 1485 1850 symplriscos
1519 1760 1623 1850 pubis
1651 1766 1892 1850 apnueurosin
1918 1763 2012 1852 liga-

438 1911 560 1972 mento
587 1899 774 1984 adhaeret,
803 1897 895 1964 cutis
920 1897 1050 1988 plicam
1076 1897 1326 1985 observamus,
1365 1920 1456 1984 quae
1485 1897 1591 1986 adipe
1617 1899 1729 1963 multo
1756 1901 1886 1990 stipata
1910 1899 2014 1990 penis

437 2037 550 2105 colem
579 2034 708 2122 cingit,
745 2058 786 2100 ac
813 2034 942 2099 deiude
973 2047 1082 2100 exuta
1115 2034 1335 2124 pinguedine
1370 2031 1526 2117 ejusdem
1558 2034 1802 2121 integumenta
1837 2047 1871 2102 et
1897 2059 2011 2127 prae-0

434 2173 577 2266 putiurn
604 2170 806 2256 constituit,
842 2171 935 2258 quod
964 2169 1129 2238 ultimum
1156 2170 1299 2233 detuum
1333 2169 1369 2236 iu
1403 2191 1589 2259 processus
1624 2171 1885 2260 nympboidcos
1916 2183 2010 2240 coni

432 2310 611 2376 tinuatum
639 2306 789 2394 vaginae
815 2305 1006 2370 uretbralis
1039 2306 1169 2371 ostium
1202 2314 1364 2373 coronat.
1417 2302 1496 2371 Atia
1530 2305 1645 2370 adbuc
1672 2315 1706 2370 et
1732 2328 1798 2394 pro
1824 2330 1913 2374 sexu
1939 2332 2008 2377 an-

432 2468 515 2534 ceps
541 2442 717 2509 labiorum
746 2441 951 2510 scrotalium
977 2440 1134 2508 rationes
1163 2439 1285 2525 ollert;
1315 2450 1394 2506 sunt
1422 2463 1552 2529 nempe
1579 2442 1623 2507 ad
1649 2441 1783 2508 extima
1811 2443 2007 2515 eorundem

431 2578 545 2648 latera
570 2576 686 2668 plicae
715 2587 904 2665 eutaneae,
940 2579 1050 2662 duae,
1090 2598 1181 2663 quac
1216 2576 1314 2663 quasi
1341 2577 1549 2643 deveneris
1581 2587 1701 2642 monte
1727 2575 1885 2666 perlecta
1912 2581 2004 2652 labia

332 2800 338 2812 .
430 2714 591 2807 pudendi
627 2711 811 2780 muliebris
847 2722 997 2779 externa
1039 2709 1282 2799 aemulantur,
1320 2720 1354 2776 et
1389 2710 1466 2778 aliis
1498 2712 1619 2802 plicis,
1656 2736 1745 2802 quae
1780 2713 1823 2780 do
1856 2718 2000 2807 regione

427 2851 559 2920 radicis
583 2848 685 2939 penis
711 2847 887 2916 clitoridci
914 2846 1134 2937 procedunt,
1172 2847 1365 2931 uniuntur,
1403 2849 1503 2936 quasi
1530 2849 1885 2946 etUintertexuntur,
1921 2879 2001 2926 cum

428 3009 520 3078 quae
546 2982 705 3051 sacculos
729 2984 947 3051 testicoudos
982 2984 1078 3074 ipsos
1112 2981 1297 3047 constituit
1330 2984 1435 3070 cutis,
1479 2986 1529 3051 uti
1571 2985 1662 3051 elato
1697 2987 1731 3050 iu
1765 2985 1873 3053 altum
1905 3012 1997 3080 pene

426 3121 665 3212 conspicitur,
700 3142 746 3192 ex
770 3118 929 3208 periuaei
955 3117 1103 3185 collecta
1138 3116 1323 3212 cellulosa,
1367 3120 1494 3189 eadem
1527 3144 1567 3190 ac
1599 3121 1636 3190 iu
1668 3120 1823 3190 maribus
1859 3125 1996 3198 ratione

425 3255 607 3346 proficisci
633 3253 821 3321 manifesto
849 3263 1032 3344 appareat.

521 3579 653 3673 Rnplre
680 3581 834 3674 denique
868 3581 905 3650 in
932 3605 1039 3674 quam
1071 3581 1294 3675 inperfecto
1328 3609 1428 3656 mare
1453 3589 1562 3656 scroti
1593 3601 1730 3680 septum
1758 3593 1996 3687 continuatur,

422 3730 458 3789 et
480 3741 548 3809 qua
573 3721 683 3786 scroti
709 3729 900 3810 utrumque
927 3743 1067 3789 saccum
1090 3733 1276 3790 consutum
1303 3708 1457 3810 diceres;
1482 3737 1517 3790 et
1543 3726 1580 3792 iu
1607 3726 1675 3792 hoc
1701 3725 1835 3794 infante
1861 3735 1992 3822 aphro·

421 3855 497 3924 dito
525 3853 691 3942 adparet5
719 3866 799 3924 sunt
825 3879 955 3948 nempe
980 3856 1224 3949 integumenta
1249 3860 1352 3948 penis
1378 3860 1553 3926 clitoridei
1580 3861 1624 3927 ad
1651 3862 1855 3932 inferiorern
1882 3869 1988 3956 glan-

420 3991 475 4059 dis
499 3995 639 4079 partem
666 4013 731 4078 pcr
756 3993 912 4058 medium
940 4003 1034 4062 secta
1067 4003 1102 4061 et
1134 4018 1196 4061 ore
1228 3994 1403 4063 tumidulo
1435 3996 1503 4064 sibi
1537 3998 1711 4089 apposita.
1760 3998 1814 4066 Ita
1845 4003 1986 4094 cingunt

418 4122 589 4195 urethrae
616 4124 788 4213 vrginalis
813 4127 942 4194 ostium
968 4139 1002 4195 et
1027 4129 1090 4200 ubi
1116 4129 1241 4198 eadem
1267 4121 1460 4200 rotundato
1487 4131 1626 4201 ambitu
1650 4135 1880 4224 terminatur,
1916 4161 1982 4224 ru-¹

415 4261 488 4356 phe
524 4257 675 4350 incipit,¹
716 4283 785 4349 qua
816 4258 966 4330 inferior
1001 4264 1179 4335 labiorum
1211 4291 1297 4360 pars
1332 4272 1473 4356 unitur,
1513 4293 1604 4360 quae
1637 4293 1765 4340 revera
1795 4271 1853 4340 bic
1884 4276 1984 4347 virile

415 4407 574 4469 scrotum
601 4397 729 4464 sistunt
755 4395 855 4467 nullo
878 4420 983 4494 saue,
1020 4403 1051 4477 si
1076 4405 1286 4499 genitalium
1311 4408 1536 4503 superiorem
1560 4407 1692 4483 faciem
1725 4405 1882 4504 obveles,
1919 4413 1979 4482 in-

413 4535 509 4605 dicio
534 4533 749 4626 ambiguum.
