<?xml version="1.0" encoding="UTF-8"?>
<!DOCTYPE html PUBLIC "-//W3C//DTD XHTML 1.0 Transitional//EN"
    "http://www.w3.org/TR/xhtml1/DTD/xhtml1-transitional.dtd">
<html xmlns="http://www.w3.org/1999/xhtml" xml:lang="en" lang="en">
 <head>
  <title>
</title>
<meta http-equiv="Content-Type" content="text/html;charset=utf-8" />
  <meta name='ocr-system' content='tesseract 3.04.00' />
  <meta name='ocr-capabilities' content='ocr_page ocr_carea ocr_par ocr_line ocrx_word'/>
</head>
<body>
  <div class='ocr_page' id='page_1' title='image "./dehermaphrodito00steggoog_0119.png"; bbox 0 0 4390 5710; ppageno 0'>
   <div class='ocr_carea' id='block_1_1' title="bbox 440 491 1343 569">
    <p class='ocr_par' dir='ltr' id='par_1_1' title="bbox 440 491 1343 569">
     <span class='ocr_line' id='line_1_1' title="bbox 440 491 1343 569; baseline 0 -3"><span class='ocrx_word' id='word_1_1' title='bbox 440 491 514 566; x_wconf 70' lang='lat' dir='ltr'><strong>tot*</strong></span> <span class='ocrx_word' id='word_1_2' title='bbox 1124 506 1343 569; x_wconf 47' lang='lat' dir='ltr'><strong>sea-ar·-</strong></span> 
     </span>
    </p>
   </div>
   <div class='ocr_carea' id='block_1_2' title="bbox 441 687 2017 930">
    <p class='ocr_par' dir='ltr' id='par_1_2' title="bbox 441 687 2017 930">
     <span class='ocr_line' id='line_1_2' title="bbox 441 687 2017 796; baseline 0.008 -36"><span class='ocrx_word' id='word_1_3' title='bbox 441 687 652 783; x_wconf 81' lang='lat' dir='ltr'><strong>consignita.</strong></span> <span class='ocrx_word' id='word_1_4' title='bbox 700 689 818 762; x_wconf 82' lang='lat' dir='ltr'><strong>Glans</strong></span> <span class='ocrx_word' id='word_1_5' title='bbox 831 690 954 786; x_wconf 84' lang='lat' dir='ltr'><strong>penis,</strong></span> <span class='ocrx_word' id='word_1_6' title='bbox 978 693 1040 787; x_wconf 91' lang='lat' dir='ltr'><strong>qui</strong></span> <span class='ocrx_word' id='word_1_7' title='bbox 1061 720 1177 791; x_wconf 88' lang='lat' dir='ltr'><strong>puero</strong></span> <span class='ocrx_word' id='word_1_8' title='bbox 1194 698 1302 789; x_wconf 87' lang='lat' dir='ltr'><strong>hujus</strong></span> <span class='ocrx_word' id='word_1_9' title='bbox 1318 701 1449 771; x_wconf 80' lang='lat' dir='ltr'><strong>aetatis</strong></span> <span class='ocrx_word' id='word_1_10' title='bbox 1469 706 1615 774; x_wconf 84' lang='lat' dir='ltr'><strong>omnino</strong></span> <span class='ocrx_word' id='word_1_11' title='bbox 1631 703 1887 794; x_wconf 79' lang='lat' dir='ltr'><strong>conveniebat,</strong></span> <span class='ocrx_word' id='word_1_12' title='bbox 1912 725 2017 796; x_wconf 86' lang='lat' dir='ltr'><strong>prae·</strong></span> 
     </span>
     <span class='ocr_line' id='line_1_3' title="bbox 443 826 2017 930; baseline 0.01 -37"><span class='ocrx_word' id='word_1_13' title='bbox 443 826 549 916; x_wconf 86' lang='lat' dir='ltr'><strong>putio</strong></span> <span class='ocrx_word' id='word_1_14' title='bbox 564 827 682 897; x_wconf 79' lang='lat' dir='ltr'><strong>cineta</strong></span> <span class='ocrx_word' id='word_1_15' title='bbox 702 840 740 898; x_wconf 87' lang='lat' dir='ltr'><strong>et</strong></span> <span class='ocrx_word' id='word_1_16' title='bbox 754 830 793 897; x_wconf 94' lang='lat' dir='ltr'><strong>in</strong></span> <span class='ocrx_word' id='word_1_17' title='bbox 814 828 905 900; x_wconf 87' lang='lat' dir='ltr'><strong>laoie</strong></span> <span class='ocrx_word' id='word_1_18' title='bbox 926 835 1099 904; x_wconf 84' lang='lat' dir='ltr'><strong>anteriori</strong></span> <span class='ocrx_word' id='word_1_19' title='bbox 1120 839 1262 927; x_wconf 87' lang='lat' dir='ltr'><strong>quidem</strong></span> <span class='ocrx_word' id='word_1_20' title='bbox 1278 840 1464 930; x_wconf 85' lang='lat' dir='ltr'><strong>perlorata</strong></span> <span class='ocrx_word' id='word_1_21' title='bbox 1481 834 1568 929; x_wconf 77' lang='lat' dir='ltr'><strong>suit,</strong></span> <span class='ocrx_word' id='word_1_22' title='bbox 1593 842 1655 910; x_wconf 89' lang='lat' dir='ltr'><strong>sed</strong></span> <span class='ocrx_word' id='word_1_23' title='bbox 1672 843 1774 910; x_wconf 86' lang='lat' dir='ltr'><strong>stilus</strong></span> <span class='ocrx_word' id='word_1_24' title='bbox 1794 843 2017 911; x_wconf 82' lang='lat' dir='ltr'><strong>introductus</strong></span> 
     </span>
    </p>
   </div>
   <div class='ocr_carea' id='block_1_3' title="bbox 443 943 2017 1190">
    <p class='ocr_par' dir='ltr' id='par_1_3' title="bbox 443 943 2017 1190">
     <span class='ocr_line' id='line_1_4' title="bbox 443 943 2017 1074; baseline 0.006 -40"><span class='ocrx_word' id='word_1_25' title='bbox 443 959 503 1034; x_wconf 81' lang='lat' dir='ltr'><strong>&#39;tel</strong></span> <span class='ocrx_word' id='word_1_26' title='bbox 519 974 594 1032; x_wconf 88' lang='lat' dir='ltr'><strong>seta</strong></span> <span class='ocrx_word' id='word_1_27' title='bbox 608 965 710 1034; x_wconf 85' lang='lat' dir='ltr'><strong>suilla</strong></span> <span class='ocrx_word' id='word_1_28' title='bbox 725 943 871 1037; x_wconf 83' lang='lat' dir='ltr'><strong>inmissa</strong></span> <span class='ocrx_word' id='word_1_29' title='bbox 890 968 1076 1042; x_wconf 83' lang='lat' dir='ltr'><strong>uretbram</strong></span> <span class='ocrx_word' id='word_1_30' title='bbox 1089 973 1188 1045; x_wconf 84' lang='lat' dir='ltr'><strong>baud</strong></span> <span class='ocrx_word' id='word_1_31' title='bbox 1200 976 1350 1048; x_wconf 78' lang='lat' dir='ltr'><strong>tdterius</strong></span> <span class='ocrx_word' id='word_1_32' title='bbox 1365 986 1562 1070; x_wconf 80' lang='lat' dir='ltr'><strong>penetrare</strong></span> <span class='ocrx_word' id='word_1_33' title='bbox 1574 977 1694 1072; x_wconf 83' lang='lat' dir='ltr'><strong>potuit</strong></span> <span class='ocrx_word' id='word_1_34' title='bbox 1706 1001 1813 1072; x_wconf 83' lang='lat' dir='ltr'><strong>quam</strong></span> <span class='ocrx_word' id='word_1_35' title='bbox 1832 977 2017 1074; x_wconf 86' lang='lat' dir='ltr'><strong>paululum</strong></span> 
     </span>
     <span class='ocr_line' id='line_1_5' title="bbox 444 1098 963 1190; baseline 0.023 -26"><span class='ocrx_word' id='word_1_36' title='bbox 444 1107 528 1190; x_wconf 89' lang='lat' dir='ltr'><strong>post</strong></span> <span class='ocrx_word' id='word_1_37' title='bbox 551 1098 685 1172; x_wconf 80' lang='lat' dir='ltr'><strong>fossam</strong></span> <span class='ocrx_word' id='word_1_38' title='bbox 706 1104 963 1176; x_wconf 86' lang='lat' dir='ltr'><strong>navicularem.</strong></span> 
     </span>
    </p>
   </div>
   <div class='ocr_carea' id='block_1_4' title="bbox 449 1393 2028 2871">
    <p class='ocr_par' dir='ltr' id='par_1_4' title="bbox 449 1393 2028 2871">
     <span class='ocr_line' id='line_1_6' title="bbox 548 1393 2020 1503; baseline 0.01 -41"><span class='ocrx_word' id='word_1_39' title='bbox 548 1393 708 1465; x_wconf 87' lang='lat' dir='ltr'><strong>Omnino</strong></span> <span class='ocrx_word' id='word_1_40' title='bbox 733 1395 805 1486; x_wconf 84' lang='lat' dir='ltr'><strong>jam</strong></span> <span class='ocrx_word' id='word_1_41' title='bbox 828 1409 965 1498; x_wconf 74' lang='lat' dir='ltr'><strong>ceptus,</strong></span> <span class='ocrx_word' id='word_1_42' title='bbox 987 1405 1112 1476; x_wconf 87' lang='lat' dir='ltr'><strong>adesse</strong></span> <span class='ocrx_word' id='word_1_43' title='bbox 1129 1405 1266 1502; x_wconf 82' lang='lat' dir='ltr'><strong>organa</strong></span> <span class='ocrx_word' id='word_1_44' title='bbox 1289 1411 1460 1503; x_wconf 82' lang='lat' dir='ltr'>genitalia</span> <span class='ocrx_word' id='word_1_45' title='bbox 1481 1406 1519 1484; x_wconf 80' lang='lat' dir='ltr'><strong>et</strong></span> <span class='ocrx_word' id='word_1_46' title='bbox 1537 1415 1698 1486; x_wconf 85' lang='lat' dir='ltr'><strong>urinaria</strong></span> <span class='ocrx_word' id='word_1_47' title='bbox 1719 1422 1919 1482; x_wconf 81' lang='lat' dir='ltr'>monstrose</span> <span class='ocrx_word' id='word_1_48' title='bbox 1940 1407 2020 1477; x_wconf 82' lang='lat' dir='ltr'><strong>sor-</strong></span> 
     </span>
     <span class='ocr_line' id='line_1_7' title="bbox 449 1529 2020 1644; baseline 0.012 -50"><span class='ocrx_word' id='word_1_49' title='bbox 449 1536 574 1618; x_wconf 68' lang='lat' dir='ltr'><strong>mata,</strong></span> <span class='ocrx_word' id='word_1_50' title='bbox 594 1529 675 1600; x_wconf 84' lang='lat' dir='ltr'><strong>heio</strong></span> <span class='ocrx_word' id='word_1_51' title='bbox 699 1536 920 1625; x_wconf 79' lang='lat' dir='ltr'><strong>pertinentia</strong></span> <span class='ocrx_word' id='word_1_52' title='bbox 937 1539 1211 1635; x_wconf 77' lang='lat' dir='ltr'><strong>diligentissime</strong></span> <span class='ocrx_word' id='word_1_53' title='bbox 1232 1547 1462 1638; x_wconf 79' lang='lat' dir='ltr'><strong>inquirebam</strong></span> <span class='ocrx_word' id='word_1_54' title='bbox 1494 1562 1530 1620; x_wconf 89' lang='lat' dir='ltr'><strong>et</strong></span> <span class='ocrx_word' id='word_1_55' title='bbox 1551 1552 1707 1644; x_wconf 87' lang='lat' dir='ltr'><strong>primum</strong></span> <span class='ocrx_word' id='word_1_56' title='bbox 1732 1550 1877 1641; x_wconf 87' lang='lat' dir='ltr'><strong>quidem</strong></span> <span class='ocrx_word' id='word_1_57' title='bbox 1909 1566 2020 1634; x_wconf 82' lang='lat' dir='ltr'><strong>renes,</strong></span> 
     </span>
     <span class='ocr_line' id='line_1_8' title="bbox 451 1669 2022 1780; baseline 0.011 -49"><span class='ocrx_word' id='word_1_58' title='bbox 451 1675 614 1735; x_wconf 89' lang='lat' dir='ltr'><strong>ureteres</strong></span> <span class='ocrx_word' id='word_1_59' title='bbox 632 1678 671 1736; x_wconf 87' lang='lat' dir='ltr'><strong>et</strong></span> <span class='ocrx_word' id='word_1_60' title='bbox 687 1669 852 1742; x_wconf 85' lang='lat' dir='ltr'><strong>vesicam.</strong></span> <span class='ocrx_word' id='word_1_61' title='bbox 902 1671 1007 1747; x_wconf 84' lang='lat' dir='ltr'><strong>Haec</strong></span> <span class='ocrx_word' id='word_1_62' title='bbox 1023 1703 1134 1772; x_wconf 87' lang='lat' dir='ltr'><strong>usque</strong></span> <span class='ocrx_word' id='word_1_63' title='bbox 1150 1685 1199 1751; x_wconf 81' lang='lat' dir='ltr'><strong>ad</strong></span> <span class='ocrx_word' id='word_1_64' title='bbox 1216 1683 1425 1758; x_wconf 77' lang='lat' dir='ltr'><strong>unabilieum</strong></span> <span class='ocrx_word' id='word_1_65' title='bbox 1440 1687 1534 1776; x_wconf 84' lang='lat' dir='ltr'><strong>(vid.</strong></span> <span class='ocrx_word' id='word_1_66' title='bbox 1550 1686 1580 1756; x_wconf 91' lang='lat' dir='ltr'>F</span> <span class='ocrx_word' id='word_1_67' title='bbox 1585 1689 1627 1780; x_wconf 83' lang='lat' dir='ltr'><strong>ig.</strong></span> <span class='ocrx_word' id='word_1_68' title='bbox 1642 1688 1669 1759; x_wconf 89' lang='lat' dir='ltr'><strong>l.</strong></span> <span class='ocrx_word' id='word_1_69' title='bbox 1687 1687 1753 1758; x_wconf 85' lang='lat' dir='ltr'><strong>lin.</strong></span> <span class='ocrx_word' id='word_1_70' title='bbox 1769 1686 1825 1774; x_wconf 78' lang='lat' dir='ltr'><strong>A.)</strong></span> <span class='ocrx_word' id='word_1_71' title='bbox 1844 1685 2022 1771; x_wconf 86' lang='lat' dir='ltr'><strong>immoque</strong></span> 
     </span>
     <span class='ocr_line' id='line_1_9' title="bbox 451 1797 2023 1915; baseline 0.017 -48"><span class='ocrx_word' id='word_1_72' title='bbox 451 1797 564 1871; x_wconf 87' lang='lat' dir='ltr'><strong>lbndo</strong></span> <span class='ocrx_word' id='word_1_73' title='bbox 585 1803 728 1874; x_wconf 82' lang='lat' dir='ltr'><strong>sinuato</strong></span> <span class='ocrx_word' id='word_1_74' title='bbox 754 1807 791 1875; x_wconf 92' lang='lat' dir='ltr'><strong>in</strong></span> <span class='ocrx_word' id='word_1_75' title='bbox 807 1821 910 1900; x_wconf 88' lang='lat' dir='ltr'><strong>parte</strong></span> <span class='ocrx_word' id='word_1_76' title='bbox 925 1814 1055 1884; x_wconf 86' lang='lat' dir='ltr'><strong>dextre</strong></span> <span class='ocrx_word' id='word_1_77' title='bbox 1069 1815 1175 1913; x_wconf 75' lang='lat' dir='ltr'><strong>(Fig.</strong></span> <span class='ocrx_word' id='word_1_78' title='bbox 1198 1819 1262 1891; x_wconf 84' lang='lat' dir='ltr'><strong>lV.</strong></span> <span class='ocrx_word' id='word_1_79' title='bbox 1284 1821 1376 1891; x_wconf 83' lang='lat' dir='ltr'><strong>Tab.</strong></span> <span class='ocrx_word' id='word_1_80' title='bbox 1392 1821 1422 1892; x_wconf 86' lang='lat'><strong>1.</strong></span> <span class='ocrx_word' id='word_1_81' title='bbox 1446 1822 1510 1891; x_wconf 89' lang='lat' dir='ltr'><strong>litt.</strong></span> <span class='ocrx_word' id='word_1_82' title='bbox 1528 1849 1578 1892; x_wconf 90' lang='lat' dir='ltr'><strong>cc.</strong></span> <span class='ocrx_word' id='word_1_83' title='bbox 1593 1825 1673 1915; x_wconf 82' lang='lat' dir='ltr'><strong>Fig.</strong></span> <span class='ocrx_word' id='word_1_84' title='bbox 1689 1824 1735 1894; x_wconf 87' lang='lat' dir='ltr'><strong>H.</strong></span> <span class='ocrx_word' id='word_1_85' title='bbox 1751 1819 1816 1891; x_wconf 82' lang='lat' dir='ltr'><strong>tin.</strong></span> <span class='ocrx_word' id='word_1_86' title='bbox 1835 1816 1898 1912; x_wconf 85' lang='lat' dir='ltr'><strong>Z.)</strong></span> <span class='ocrx_word' id='word_1_87' title='bbox 1916 1838 2023 1908; x_wconf 74' lang='lat' dir='ltr'><strong>supra</strong></span> 
     </span>
     <span class='ocr_line' id='line_1_10' title="bbox 452 1938 2023 2050; baseline 0.013 -47"><span class='ocrx_word' id='word_1_88' title='bbox 452 1938 625 2008; x_wconf 87' lang='lat' dir='ltr'><strong>annulum</strong></span> <span class='ocrx_word' id='word_1_89' title='bbox 655 1943 881 2016; x_wconf 89' lang='lat' dir='ltr'><strong>umbiloalem</strong></span> <span class='ocrx_word' id='word_1_90' title='bbox 903 1971 922 2016; x_wconf 91' lang='lat' dir='ltr'><strong>e</strong></span> <span class='ocrx_word' id='word_1_91' title='bbox 947 1950 1061 2042; x_wconf 87' lang='lat' dir='ltr'><strong>pelvis</strong></span> <span class='ocrx_word' id='word_1_92' title='bbox 1087 1979 1177 2025; x_wconf 87' lang='lat' dir='ltr'><strong>cavo</strong></span> <span class='ocrx_word' id='word_1_93' title='bbox 1197 1959 1370 2029; x_wconf 87' lang='lat' dir='ltr'><strong>ascendit.</strong></span> <span class='ocrx_word' id='word_1_94' title='bbox 1420 1959 1601 2030; x_wconf 88' lang='lat' dir='ltr'><strong>Volnmen</strong></span> <span class='ocrx_word' id='word_1_95' title='bbox 1627 1961 1765 2032; x_wconf 83' lang='lat' dir='ltr'><strong>vesicae</strong></span> <span class='ocrx_word' id='word_1_96' title='bbox 1792 1981 1933 2050; x_wconf 88' lang='lat' dir='ltr'><strong>quoque</strong></span> <span class='ocrx_word' id='word_1_97' title='bbox 1960 1979 2023 2023; x_wconf 85' lang='lat' dir='ltr'><strong>re-</strong></span> 
     </span>
     <span class='ocr_line' id='line_1_11' title="bbox 450 2074 2027 2190; baseline 0.013 -53"><span class='ocrx_word' id='word_1_98' title='bbox 450 2074 577 2162; x_wconf 86' lang='lat' dir='ltr'><strong>spectu</strong></span> <span class='ocrx_word' id='word_1_99' title='bbox 601 2074 800 2150; x_wconf 82' lang='lat' dir='ltr'><strong>latitudinis</strong></span> <span class='ocrx_word' id='word_1_100' title='bbox 819 2083 923 2154; x_wconf 80' lang='lat' dir='ltr'><strong>valde</strong></span> <span class='ocrx_word' id='word_1_101' title='bbox 943 2087 1134 2159; x_wconf 82' lang='lat' dir='ltr'><strong>adauctum</strong></span> <span class='ocrx_word' id='word_1_102' title='bbox 1149 2103 1222 2179; x_wconf 85' lang='lat' dir='ltr'><strong>est,</strong></span> <span class='ocrx_word' id='word_1_103' title='bbox 1248 2103 1437 2187; x_wconf 86' lang='lat' dir='ltr'><strong>totumque</strong></span> <span class='ocrx_word' id='word_1_104' title='bbox 1459 2120 1589 2189; x_wconf 87' lang='lat' dir='ltr'><strong>corpus</strong></span> <span class='ocrx_word' id='word_1_105' title='bbox 1606 2100 1799 2166; x_wconf 83' lang='lat' dir='ltr'><strong>secundum</strong></span> <span class='ocrx_word' id='word_1_106' title='bbox 1822 2092 2027 2190; x_wconf 86' lang='lat' dir='ltr'><strong>oystilorme</strong></span> 
     </span>
     <span class='ocr_line' id='line_1_12' title="bbox 454 2207 2026 2326; baseline 0.018 -53"><span class='ocrx_word' id='word_1_107' title='bbox 454 2207 561 2300; x_wconf 86' lang='lat' dir='ltr'><strong>tegit,</strong></span> <span class='ocrx_word' id='word_1_108' title='bbox 599 2211 700 2302; x_wconf 86' lang='lat' dir='ltr'><strong>cujus</strong></span> <span class='ocrx_word' id='word_1_109' title='bbox 724 2237 850 2315; x_wconf 85' lang='lat' dir='ltr'><strong>margo</strong></span> <span class='ocrx_word' id='word_1_110' title='bbox 870 2219 1027 2294; x_wconf 82' lang='lat' dir='ltr'><strong>lateralis</strong></span> <span class='ocrx_word' id='word_1_111' title='bbox 1055 2227 1200 2298; x_wconf 83' lang='lat' dir='ltr'><strong>sinister</strong></span> <span class='ocrx_word' id='word_1_112' title='bbox 1231 2240 1371 2302; x_wconf 87' lang='lat' dir='ltr'><strong>tantum</strong></span> <span class='ocrx_word' id='word_1_113' title='bbox 1401 2257 1498 2326; x_wconf 91' lang='lat' dir='ltr'><strong>pone</strong></span> <span class='ocrx_word' id='word_1_114' title='bbox 1526 2235 1681 2304; x_wconf 84' lang='lat' dir='ltr'><strong>vesicam</strong></span> <span class='ocrx_word' id='word_1_115' title='bbox 1714 2232 1908 2302; x_wconf 83' lang='lat' dir='ltr'><strong>urinariam</strong></span> <span class='ocrx_word' id='word_1_116' title='bbox 1935 2251 2026 2320; x_wconf 84' lang='lat' dir='ltr'><strong>pro-</strong></span> 
     </span>
     <span class='ocr_line' id='line_1_13' title="bbox 454 2343 2027 2455; baseline 0.015 -45"><span class='ocrx_word' id='word_1_117' title='bbox 454 2343 610 2416; x_wconf 89' lang='lat' dir='ltr'><strong>minulus</strong></span> <span class='ocrx_word' id='word_1_118' title='bbox 632 2350 942 2425; x_wconf 81' lang='lat' dir='ltr'><strong>animadvertitur.</strong></span> <span class='ocrx_word' id='word_1_119' title='bbox 994 2360 1053 2430; x_wconf 88' lang='lat' dir='ltr'><strong>Ob</strong></span> <span class='ocrx_word' id='word_1_120' title='bbox 1075 2363 1248 2455; x_wconf 87' lang='lat' dir='ltr'><strong>majorem</strong></span> <span class='ocrx_word' id='word_1_121' title='bbox 1266 2369 1407 2441; x_wconf 77' lang='lat' dir='ltr'><strong>vesicae</strong></span> <span class='ocrx_word' id='word_1_122' title='bbox 1426 2369 1610 2439; x_wconf 84' lang='lat' dir='ltr'><strong>urinariae</strong></span> <span class='ocrx_word' id='word_1_123' title='bbox 1626 2370 1881 2441; x_wconf 84' lang='lat' dir='ltr'><strong>distentionem</strong></span> <span class='ocrx_word' id='word_1_124' title='bbox 1897 2366 2027 2434; x_wconf 86' lang='lat' dir='ltr'><strong>latera·</strong></span> 
     </span>
     <span class='ocr_line' id='line_1_14' title="bbox 456 2477 2027 2598; baseline 0.015 -52"><span class='ocrx_word' id='word_1_125' title='bbox 456 2477 526 2548; x_wconf 82' lang='lat' dir='ltr'><strong>lem</strong></span> <span class='ocrx_word' id='word_1_126' title='bbox 552 2484 705 2553; x_wconf 79' lang='lat' dir='ltr'><strong>arteriae</strong></span> <span class='ocrx_word' id='word_1_127' title='bbox 728 2488 969 2584; x_wconf 86' lang='lat' dir='ltr'><strong>umbilicales‚</strong></span> <span class='ocrx_word' id='word_1_128' title='bbox 1002 2522 1095 2590; x_wconf 86' lang='lat' dir='ltr'><strong>quae</strong></span> <span class='ocrx_word' id='word_1_129' title='bbox 1121 2503 1157 2572; x_wconf 92' lang='lat' dir='ltr'><strong>iu</strong></span> <span class='ocrx_word' id='word_1_130' title='bbox 1175 2505 1309 2577; x_wconf 84' lang='lat' dir='ltr'><strong>adultis</strong></span> <span class='ocrx_word' id='word_1_131' title='bbox 1325 2506 1541 2576; x_wconf 80' lang='lat' dir='ltr'><strong>obliteratae</strong></span> <span class='ocrx_word' id='word_1_132' title='bbox 1560 2517 1659 2596; x_wconf 83' lang='lat' dir='ltr'><strong>sunt,</strong></span> <span class='ocrx_word' id='word_1_133' title='bbox 1699 2517 1734 2576; x_wconf 85' lang='lat' dir='ltr'><strong>et</strong></span> <span class='ocrx_word' id='word_1_134' title='bbox 1754 2506 1948 2598; x_wconf 81' lang='lat' dir='ltr'><strong>ligamenta</strong></span> <span class='ocrx_word' id='word_1_135' title='bbox 1968 2502 2027 2570; x_wconf 86' lang='lat' dir='ltr'><strong>in-</strong></span> 
     </span>
     <span class='ocr_line' id='line_1_15' title="bbox 456 2615 2028 2733; baseline 0.02 -53"><span class='ocrx_word' id='word_1_136' title='bbox 456 2615 615 2720; x_wconf 82' lang='lat' dir='ltr'><strong>guinalia</strong></span> <span class='ocrx_word' id='word_1_137' title='bbox 637 2620 777 2692; x_wconf 87' lang='lat' dir='ltr'><strong>interna</strong></span> <span class='ocrx_word' id='word_1_138' title='bbox 805 2642 993 2720; x_wconf 81' lang='lat' dir='ltr'><strong>vocantur,</strong></span> <span class='ocrx_word' id='word_1_139' title='bbox 1022 2659 1093 2704; x_wconf 92' lang='lat' dir='ltr'><strong>non</strong></span> <span class='ocrx_word' id='word_1_140' title='bbox 1121 2642 1268 2710; x_wconf 89' lang='lat' dir='ltr'><strong>omnino</strong></span> <span class='ocrx_word' id='word_1_141' title='bbox 1292 2644 1338 2712; x_wconf 85' lang='lat' dir='ltr'><strong>ad</strong></span> <span class='ocrx_word' id='word_1_142' title='bbox 1360 2643 1474 2712; x_wconf 89' lang='lat' dir='ltr'><strong>latera</strong></span> <span class='ocrx_word' id='word_1_143' title='bbox 1490 2642 1568 2732; x_wconf 87' lang='lat' dir='ltr'><strong>ejus</strong></span> <span class='ocrx_word' id='word_1_144' title='bbox 1589 2653 1672 2713; x_wconf 89' lang='lat' dir='ltr'><strong>sunt</strong></span> <span class='ocrx_word' id='word_1_145' title='bbox 1688 2617 1846 2727; x_wconf 75' lang='lat' dir='ltr'><strong>locatae,</strong></span> <span class='ocrx_word' id='word_1_146' title='bbox 1871 2642 1931 2709; x_wconf 88' lang='lat' dir='ltr'><strong>sod</strong></span> <span class='ocrx_word' id='word_1_147' title='bbox 1956 2665 2028 2733; x_wconf 86' lang='lat' dir='ltr'><strong>po·</strong></span> 
     </span>
     <span class='ocr_line' id='line_1_16' title="bbox 458 2751 2028 2871; baseline 0.02 -53"><span class='ocrx_word' id='word_1_148' title='bbox 458 2751 530 2824; x_wconf 84' lang='lat' dir='ltr'><strong>tius</strong></span> <span class='ocrx_word' id='word_1_149' title='bbox 551 2754 587 2822; x_wconf 91' lang='lat' dir='ltr'><strong>in</strong></span> <span class='ocrx_word' id='word_1_150' title='bbox 603 2753 694 2825; x_wconf 84' lang='lat' dir='ltr'><strong>lacie</strong></span> <span class='ocrx_word' id='word_1_151' title='bbox 713 2759 787 2846; x_wconf 89' lang='lat' dir='ltr'><strong>ejus</strong></span> <span class='ocrx_word' id='word_1_152' title='bbox 806 2769 977 2836; x_wconf 82' lang='lat' dir='ltr'><strong>anteriori</strong></span> <span class='ocrx_word' id='word_1_153' title='bbox 998 2773 1180 2844; x_wconf 88' lang='lat' dir='ltr'><strong>volumine</strong></span> <span class='ocrx_word' id='word_1_154' title='bbox 1195 2779 1325 2846; x_wconf 89' lang='lat' dir='ltr'><strong>sensim</strong></span> <span class='ocrx_word' id='word_1_155' title='bbox 1346 2781 1547 2871; x_wconf 81' lang='lat' dir='ltr'><strong>sensimque</strong></span> <span class='ocrx_word' id='word_1_156' title='bbox 1566 2804 1603 2848; x_wconf 86' lang='lat' dir='ltr'><strong>se</strong></span> <span class='ocrx_word' id='word_1_157' title='bbox 1624 2779 1882 2869; x_wconf 82' lang='lat' dir='ltr'><strong>diminuentes,</strong></span> <span class='ocrx_word' id='word_1_158' title='bbox 1907 2779 2028 2848; x_wconf 82' lang='lat' dir='ltr'><strong>llexn-</strong></span> 
     </span>
    </p>
   </div>
   <div class='ocr_carea' id='block_1_5' title="bbox 458 2907 2028 3004">
    <p class='ocr_par' dir='ltr' id='par_1_5' title="bbox 458 2907 2028 3004">
     <span class='ocr_line' id='line_1_17' title="bbox 458 2907 2028 3004; baseline 0.017 -47"><span class='ocrx_word' id='word_1_159' title='bbox 458 2909 591 2980; x_wconf 84' lang='lat' dir='ltr'><strong>oseque</strong></span> <span class='ocrx_word' id='word_1_160' title='bbox 612 2907 861 2986; x_wconf 83' lang='lat' dir='ltr'><strong>serpentantes</strong></span> <span class='ocrx_word' id='word_1_161' title='bbox 884 2911 1096 2998; x_wconf 80' lang='lat' dir='ltr'><strong>ascendunt3</strong></span> <span class='ocrx_word' id='word_1_162' title='bbox 1127 2936 1282 3004; x_wconf 88' lang='lat' dir='ltr'><strong>quorum</strong></span> <span class='ocrx_word' id='word_1_163' title='bbox 1313 2938 1479 2987; x_wconf 87' lang='lat' dir='ltr'><strong>vasorum</strong></span> <span class='ocrx_word' id='word_1_164' title='bbox 1507 2915 1617 2984; x_wconf 78' lang='lat' dir='ltr'><strong>sanies</strong></span> <span class='ocrx_word' id='word_1_165' title='bbox 1636 2917 1789 2984; x_wconf 87' lang='lat' dir='ltr'><strong>interior</strong></span> <span class='ocrx_word' id='word_1_166' title='bbox 1807 2937 1933 2984; x_wconf 70' lang='lat' dir='ltr'><strong>tersus</strong></span> <span class='ocrx_word' id='word_1_167' title='bbox 1963 2941 2028 2989; x_wconf 82' lang='lat' dir='ltr'><strong>ve.</strong></span> 
     </span>
    </p>
   </div>
   <div class='ocr_carea' id='block_1_6' title="bbox 459 3025 2030 3154">
    <p class='ocr_par' dir='ltr' id='par_1_6' title="bbox 459 3025 2030 3154">
     <span class='ocr_line' id='line_1_18' title="bbox 459 3025 2030 3154; baseline 0.018 -59"><span class='ocrx_word' id='word_1_168' title='bbox 459 3025 553 3096; x_wconf 88' lang='lat' dir='ltr'><strong>sicae</strong></span> <span class='ocrx_word' id='word_1_169' title='bbox 576 3027 729 3102; x_wconf 80' lang='lat' dir='ltr'><strong>fundum</strong></span> <span class='ocrx_word' id='word_1_170' title='bbox 758 3035 921 3128; x_wconf 87' lang='lat' dir='ltr'><strong>pluribus</strong></span> <span class='ocrx_word' id='word_1_171' title='bbox 950 3043 1077 3114; x_wconf 87' lang='lat' dir='ltr'><strong>sinulis</strong></span> <span class='ocrx_word' id='word_1_172' title='bbox 1112 3059 1147 3117; x_wconf 88' lang='lat' dir='ltr'><strong>et</strong></span> <span class='ocrx_word' id='word_1_173' title='bbox 1179 3051 1524 3122; x_wconf 79' lang='lat' dir='ltr'><strong>sacculisuenarurn</strong></span> <span class='ocrx_word' id='word_1_174' title='bbox 1555 3052 1800 3154; x_wconf 83' lang='lat' dir='ltr'><strong>varicosaoum</strong></span> <span class='ocrx_word' id='word_1_175' title='bbox 1834 3052 1941 3120; x_wconf 90' lang='lat' dir='ltr'><strong>modo</strong></span> <span class='ocrx_word' id='word_1_176' title='bbox 1968 3054 2030 3124; x_wconf 90' lang='lat' dir='ltr'><strong>in·</strong></span> 
     </span>
    </p>
   </div>
   <div class='ocr_carea' id='block_1_7' title="bbox 457 3168 2042 4787">
    <p class='ocr_par' dir='ltr' id='par_1_7' title="bbox 457 3168 2042 4787">
     <span class='ocr_line' id='line_1_19' title="bbox 457 3168 2031 3283; baseline 0.018 -53"><span class='ocrx_word' id='word_1_177' title='bbox 457 3172 612 3257; x_wconf 83' lang='lat' dir='ltr'><strong>strueta3</strong></span> <span class='ocrx_word' id='word_1_178' title='bbox 654 3168 775 3240; x_wconf 89' lang='lat' dir='ltr'><strong>lumen</strong></span> <span class='ocrx_word' id='word_1_179' title='bbox 793 3198 919 3246; x_wconf 89' lang='lat' dir='ltr'><strong>eorum</strong></span> <span class='ocrx_word' id='word_1_180' title='bbox 941 3191 1063 3251; x_wconf 90' lang='lat' dir='ltr'><strong>autem</strong></span> <span class='ocrx_word' id='word_1_181' title='bbox 1084 3189 1279 3278; x_wconf 86' lang='lat' dir='ltr'><strong>praecipue</strong></span> <span class='ocrx_word' id='word_1_182' title='bbox 1300 3191 1336 3257; x_wconf 91' lang='lat' dir='ltr'><strong>in</strong></span> <span class='ocrx_word' id='word_1_183' title='bbox 1355 3189 1469 3258; x_wconf 86' lang='lat' dir='ltr'><strong>latere</strong></span> <span class='ocrx_word' id='word_1_184' title='bbox 1490 3189 1621 3257; x_wconf 85' lang='lat' dir='ltr'><strong>dextro</strong></span> <span class='ocrx_word' id='word_1_185' title='bbox 1641 3189 1693 3256; x_wconf 86' lang='lat' dir='ltr'><strong>ita</strong></span> <span class='ocrx_word' id='word_1_186' title='bbox 1715 3188 1928 3258; x_wconf 89' lang='lat' dir='ltr'><strong>diminutum</strong></span> <span class='ocrx_word' id='word_1_187' title='bbox 1949 3190 2031 3283; x_wconf 76' lang='lat' dir='ltr'><strong>suit,</strong></span> 
     </span>
     <span class='ocr_line' id='line_1_20' title="bbox 460 3301 2033 3426; baseline 0.022 -60"><span class='ocrx_word' id='word_1_188' title='bbox 460 3309 502 3366; x_wconf 92' lang='lat' dir='ltr'><strong>nt</strong></span> <span class='ocrx_word' id='word_1_189' title='bbox 529 3301 592 3370; x_wconf 77' lang='lat' dir='ltr'><strong>vix</strong></span> <span class='ocrx_word' id='word_1_190' title='bbox 617 3309 762 3394; x_wconf 82' lang='lat' dir='ltr'><strong>sanguis</strong></span> <span class='ocrx_word' id='word_1_191' title='bbox 791 3333 978 3399; x_wconf 85' lang='lat' dir='ltr'><strong>permeare</strong></span> <span class='ocrx_word' id='word_1_192' title='bbox 1006 3331 1141 3408; x_wconf 79' lang='lat' dir='ltr'><strong>posset.</strong></span> <span class='ocrx_word' id='word_1_193' title='bbox 1191 3321 1325 3391; x_wconf 86' lang='lat' dir='ltr'><strong>Versus</strong></span> <span class='ocrx_word' id='word_1_194' title='bbox 1351 3326 1488 3393; x_wconf 77' lang='lat' dir='ltr'><strong>ossium</strong></span> <span class='ocrx_word' id='word_1_195' title='bbox 1516 3324 1622 3416; x_wconf 89' lang='lat' dir='ltr'><strong>pubis</strong></span> <span class='ocrx_word' id='word_1_196' title='bbox 1656 3323 1867 3418; x_wconf 85' lang='lat' dir='ltr'><strong>sympbysin</strong></span> <span class='ocrx_word' id='word_1_197' title='bbox 1893 3330 2033 3426; x_wconf 70' lang='lat' dir='ltr'><strong>vesicae</strong></span> 
     </span>
     <span class='ocr_line' id='line_1_21' title="bbox 461 3439 2034 3554; baseline 0.024 -53"><span class='ocrx_word' id='word_1_198' title='bbox 461 3458 593 3527; x_wconf 72' lang='lat' dir='ltr'><strong>corpus</strong></span> <span class='ocrx_word' id='word_1_199' title='bbox 614 3439 651 3505; x_wconf 91' lang='lat' dir='ltr'><strong>in</strong></span> <span class='ocrx_word' id='word_1_200' title='bbox 671 3439 801 3510; x_wconf 82' lang='lat' dir='ltr'><strong>collum</strong></span> <span class='ocrx_word' id='word_1_201' title='bbox 830 3448 1041 3540; x_wconf 80' lang='lat' dir='ltr'><strong>perlongum</strong></span> <span class='ocrx_word' id='word_1_202' title='bbox 1066 3453 1156 3546; x_wconf 86' lang='lat' dir='ltr'><strong>abit,</strong></span> <span class='ocrx_word' id='word_1_203' title='bbox 1186 3457 1290 3548; x_wconf 57' lang='lat' dir='ltr'><strong>‚cujus</strong></span> <span class='ocrx_word' id='word_1_204' title='bbox 1312 3463 1407 3553; x_wconf 89' lang='lat' dir='ltr'><strong>parti</strong></span> <span class='ocrx_word' id='word_1_205' title='bbox 1425 3462 1619 3554; x_wconf 84' lang='lat' dir='ltr'><strong>posteriori</strong></span> <span class='ocrx_word' id='word_1_206' title='bbox 1641 3461 1821 3552; x_wconf 89' lang='lat' dir='ltr'><strong>quoddam</strong></span> <span class='ocrx_word' id='word_1_207' title='bbox 1838 3463 2034 3554; x_wconf 78' lang='lat' dir='ltr'><strong>glandulae</strong></span> 
     </span>
     <span class='ocr_line' id='line_1_22' title="bbox 461 3579 2034 3694; baseline 0.024 -57"><span class='ocrx_word' id='word_1_208' title='bbox 461 3583 644 3664; x_wconf 79' lang='lat' dir='ltr'><strong>prostatae</strong></span> <span class='ocrx_word' id='word_1_209' title='bbox 674 3579 856 3668; x_wconf 84' lang='lat' dir='ltr'><strong>persimile</strong></span> <span class='ocrx_word' id='word_1_210' title='bbox 877 3585 938 3651; x_wconf 86' lang='lat' dir='ltr'><strong>sed</strong></span> <span class='ocrx_word' id='word_1_211' title='bbox 960 3608 1033 3654; x_wconf 91' lang='lat' dir='ltr'><strong>non</strong></span> <span class='ocrx_word' id='word_1_212' title='bbox 1059 3589 1148 3662; x_wconf 89' lang='lat' dir='ltr'><strong>nibil</strong></span> <span class='ocrx_word' id='word_1_213' title='bbox 1171 3595 1286 3683; x_wconf 86' lang='lat' dir='ltr'><strong>majus</strong></span> <span class='ocrx_word' id='word_1_214' title='bbox 1310 3621 1446 3690; x_wconf 86' lang='lat' dir='ltr'><strong>eorpus</strong></span> <span class='ocrx_word' id='word_1_215' title='bbox 1469 3599 1647 3665; x_wconf 82' lang='lat' dir='ltr'><strong>nodosum</strong></span> <span class='ocrx_word' id='word_1_216' title='bbox 1673 3594 1829 3687; x_wconf 87' lang='lat' dir='ltr'><strong>adjacet,</strong></span> <span class='ocrx_word' id='word_1_217' title='bbox 1872 3601 1909 3669; x_wconf 91' lang='lat' dir='ltr'><strong>in</strong></span> <span class='ocrx_word' id='word_1_218' title='bbox 1936 3607 2034 3694; x_wconf 90' lang='lat' dir='ltr'><strong>qnod</strong></span> 
     </span>
     <span class='ocr_line' id='line_1_23' title="bbox 458 3707 2036 3826; baseline 0.018 -44"><span class='ocrx_word' id='word_1_219' title='bbox 458 3709 612 3782; x_wconf 79' lang='lat' dir='ltr'><strong>alterum</strong></span> <span class='ocrx_word' id='word_1_220' title='bbox 634 3737 767 3807; x_wconf 84' lang='lat' dir='ltr'><strong>eorpus</strong></span> <span class='ocrx_word' id='word_1_221' title='bbox 796 3721 1020 3808; x_wconf 85' lang='lat' dir='ltr'><strong>cystoideum</strong></span> <span class='ocrx_word' id='word_1_222' title='bbox 1036 3725 1133 3795; x_wconf 87' lang='lat' dir='ltr'><strong>-collo</strong></span> <span class='ocrx_word' id='word_1_223' title='bbox 1162 3733 1263 3800; x_wconf 87' lang='lat' dir='ltr'><strong>tenni</strong></span> <span class='ocrx_word' id='word_1_224' title='bbox 1294 3745 1347 3803; x_wconf 85' lang='lat' dir='ltr'><strong>sat</strong></span> <span class='ocrx_word' id='word_1_225' title='bbox 1369 3707 1477 3826; x_wconf 82' lang='lat' dir='ltr'><strong>longo</strong></span> <span class='ocrx_word' id='word_1_226' title='bbox 1496 3734 1628 3801; x_wconf 82' lang='lat' dir='ltr'><strong>desinit</strong></span> <span class='ocrx_word' id='word_1_227' title='bbox 1661 3733 1789 3804; x_wconf 91' lang='lat' dir='ltr'><strong>ductus</strong></span> <span class='ocrx_word' id='word_1_228' title='bbox 1811 3733 2036 3824; x_wconf 84' lang='lat' dir='ltr'><strong>ejaculatorii</strong></span> 
     </span>
     <span class='ocr_line' id='line_1_24' title="bbox 463 3848 2035 3968; baseline 0.02 -52"><span class='ocrx_word' id='word_1_229' title='bbox 463 3848 582 3916; x_wconf 86' lang='lat' dir='ltr'><strong>modo.</strong></span> <span class='ocrx_word' id='word_1_230' title='bbox 630 3849 718 3920; x_wconf 91' lang='lat' dir='ltr'><strong>Non</strong></span> <span class='ocrx_word' id='word_1_231' title='bbox 733 3853 845 3922; x_wconf 80' lang='lat' dir='ltr'><strong>solunt</strong></span> <span class='ocrx_word' id='word_1_232' title='bbox 871 3855 967 3926; x_wconf 82' lang='lat' dir='ltr'><strong>istud</strong></span> <span class='ocrx_word' id='word_1_233' title='bbox 983 3884 1116 3954; x_wconf 86' lang='lat' dir='ltr'><strong>corpus</strong></span> <span class='ocrx_word' id='word_1_234' title='bbox 1132 3871 1311 3938; x_wconf 85' lang='lat' dir='ltr'><strong>nodosum</strong></span> <span class='ocrx_word' id='word_1_235' title='bbox 1322 3872 1389 3938; x_wconf 82' lang='lat' dir='ltr'><strong>sed</strong></span> <span class='ocrx_word' id='word_1_236' title='bbox 1405 3871 1511 3937; x_wconf 87' lang='lat' dir='ltr'><strong>etiam</strong></span> <span class='ocrx_word' id='word_1_237' title='bbox 1525 3871 1641 3938; x_wconf 76' lang='lat' dir='ltr'><strong>uesica</strong></span> <span class='ocrx_word' id='word_1_238' title='bbox 1655 3871 1877 3940; x_wconf 85' lang='lat' dir='ltr'><strong>sentiebatur</strong></span> <span class='ocrx_word' id='word_1_239' title='bbox 1893 3898 2035 3968; x_wconf 84' lang='lat' dir='ltr'><strong>aspera,</strong></span> 
     </span>
     <span class='ocr_line' id='line_1_25' title="bbox 463 3973 2037 4098; baseline 0.022 -49"><span class='ocrx_word' id='word_1_240' title='bbox 463 3984 627 4074; x_wconf 87' lang='lat' dir='ltr'><strong>turgida,</strong></span> <span class='ocrx_word' id='word_1_241' title='bbox 651 3989 769 4078; x_wconf 84' lang='lat' dir='ltr'><strong>rigida</strong></span> <span class='ocrx_word' id='word_1_242' title='bbox 790 3994 953 4064; x_wconf 85' lang='lat' dir='ltr'><strong>corineea</strong></span> <span class='ocrx_word' id='word_1_243' title='bbox 977 4009 1013 4067; x_wconf 88' lang='lat' dir='ltr'><strong>et</strong></span> <span class='ocrx_word' id='word_1_244' title='bbox 1035 3999 1072 4070; x_wconf 88' lang='lat' dir='ltr'><strong>in</strong></span> <span class='ocrx_word' id='word_1_245' title='bbox 1099 3973 1256 4073; x_wconf 87' lang='lat' dir='ltr'><strong>sectione</strong></span> <span class='ocrx_word' id='word_1_246' title='bbox 1276 4005 1333 4073; x_wconf 80' lang='lat' dir='ltr'><strong>ibi</strong></span> <span class='ocrx_word' id='word_1_247' title='bbox 1355 4005 1405 4074; x_wconf 92' lang='lat' dir='ltr'><strong>nil</strong></span> <span class='ocrx_word' id='word_1_248' title='bbox 1421 4005 1676 4076; x_wconf 71' lang='lat' dir='ltr'><strong>‘inveniebatur</strong></span> <span class='ocrx_word' id='word_1_249' title='bbox 1697 4007 1766 4093; x_wconf 85' lang='lat' dir='ltr'><strong>nisi</strong></span> <span class='ocrx_word' id='word_1_250' title='bbox 1782 4029 1908 4098; x_wconf 89' lang='lat' dir='ltr'><strong>parum</strong></span> <span class='ocrx_word' id='word_1_251' title='bbox 1929 4011 2037 4084; x_wconf 91' lang='lat' dir='ltr'><strong>ssuidi</strong></span> 
     </span>
     <span class='ocr_line' id='line_1_26' title="bbox 461 4122 2040 4235; baseline 0.02 -46"><span class='ocrx_word' id='word_1_252' title='bbox 461 4122 619 4212; x_wconf 80' lang='lat' dir='ltr'><strong>mucosi3</strong></span> <span class='ocrx_word' id='word_1_253' title='bbox 657 4127 866 4217; x_wconf 84' lang='lat' dir='ltr'><strong>superficies</strong></span> <span class='ocrx_word' id='word_1_254' title='bbox 889 4135 1024 4203; x_wconf 80' lang='lat' dir='ltr'><strong>vesicae</strong></span> <span class='ocrx_word' id='word_1_255' title='bbox 1046 4161 1131 4208; x_wconf 80' lang='lat' dir='ltr'><strong>vero</strong></span> <span class='ocrx_word' id='word_1_256' title='bbox 1154 4140 1322 4229; x_wconf 85' lang='lat' dir='ltr'><strong>interior,</strong></span> <span class='ocrx_word' id='word_1_257' title='bbox 1346 4141 1450 4212; x_wconf 76' lang='lat' dir='ltr'><strong>valde</strong></span> <span class='ocrx_word' id='word_1_258' title='bbox 1472 4143 1587 4234; x_wconf 82' lang='lat' dir='ltr'><strong>rigida</strong></span> <span class='ocrx_word' id='word_1_259' title='bbox 1620 4153 1655 4209; x_wconf 88' lang='lat' dir='ltr'><strong>et</strong></span> <span class='ocrx_word' id='word_1_260' title='bbox 1677 4141 1890 4235; x_wconf 84' lang='lat' dir='ltr'><strong>inaequalis,</strong></span> <span class='ocrx_word' id='word_1_261' title='bbox 1929 4149 2040 4221; x_wconf 88' lang='lat' dir='ltr'><strong>nodis</strong></span> 
     </span>
     <span class='ocr_line' id='line_1_27' title="bbox 462 4260 2037 4372; baseline 0.018 -44"><span class='ocrx_word' id='word_1_262' title='bbox 462 4260 596 4333; x_wconf 79' lang='lat' dir='ltr'><strong>villosis</strong></span> <span class='ocrx_word' id='word_1_263' title='bbox 615 4263 776 4350; x_wconf 53' lang='lat' dir='ltr'><strong>consita2</strong></span> <span class='ocrx_word' id='word_1_264' title='bbox 815 4269 1006 4362; x_wconf 86' lang='lat' dir='ltr'><strong>multisque</strong></span> <span class='ocrx_word' id='word_1_265' title='bbox 1030 4276 1191 4346; x_wconf 85' lang='lat' dir='ltr'><strong>sinuibus</strong></span> <span class='ocrx_word' id='word_1_266' title='bbox 1211 4278 1386 4355; x_wconf 88' lang='lat' dir='ltr'><strong>instructa</strong></span> <span class='ocrx_word' id='word_1_267' title='bbox 1406 4278 1494 4366; x_wconf 85' lang='lat' dir='ltr'><strong>suit,</strong></span> <span class='ocrx_word' id='word_1_268' title='bbox 1537 4303 1689 4372; x_wconf 84' lang='lat' dir='ltr'><strong>qnorum</strong></span> <span class='ocrx_word' id='word_1_269' title='bbox 1709 4263 1890 4351; x_wconf 73' lang='lat' dir='ltr'><strong>niaximus</strong></span> <span class='ocrx_word' id='word_1_270' title='bbox 1909 4284 1972 4354; x_wconf 87' lang='lat' dir='ltr'><strong>ille</strong></span> <span class='ocrx_word' id='word_1_271' title='bbox 1997 4287 2037 4357; x_wconf 90' lang='lat' dir='ltr'><strong>in</strong></span> 
     </span>
     <span class='ocr_line' id='line_1_28' title="bbox 464 4399 2039 4507; baseline 0.015 -38"><span class='ocrx_word' id='word_1_272' title='bbox 464 4400 593 4470; x_wconf 84' lang='lat' dir='ltr'><strong>dextra</strong></span> <span class='ocrx_word' id='word_1_273' title='bbox 613 4399 718 4471; x_wconf 79' lang='lat' dir='ltr'><strong>fundi</strong></span> <span class='ocrx_word' id='word_1_274' title='bbox 740 4405 901 4475; x_wconf 84' lang='lat' dir='ltr'><strong>vesicalis</strong></span> <span class='ocrx_word' id='word_1_275' title='bbox 920 4419 1024 4499; x_wconf 88' lang='lat' dir='ltr'><strong>parte</strong></span> <span class='ocrx_word' id='word_1_276' title='bbox 1052 4417 1244 4503; x_wconf 86' lang='lat' dir='ltr'><strong>posteriori</strong></span> <span class='ocrx_word' id='word_1_277' title='bbox 1264 4415 1369 4505; x_wconf 69' lang='lat' dir='ltr'><strong>&#39;jacet</strong></span> <span class='ocrx_word' id='word_1_278' title='bbox 1417 4415 1571 4487; x_wconf 84' lang='lat' dir='ltr'><strong>&#39;Vesicae</strong></span> <span class='ocrx_word' id='word_1_279' title='bbox 1586 4415 1773 4487; x_wconf 82' lang='lat' dir='ltr'><strong>—urinuriae</strong></span> <span class='ocrx_word' id='word_1_280' title='bbox 1791 4419 1952 4507; x_wconf 82' lang='lat' dir='ltr'><strong>parietes</strong></span> <span class='ocrx_word' id='word_1_281' title='bbox 1981 4431 2039 4492; x_wconf 89' lang='lat' dir='ltr'><strong>sat</strong></span> 
     </span>
     <span class='ocr_line' id='line_1_29' title="bbox 462 4539 2039 4663; baseline 0.012 -55"><span class='ocrx_word' id='word_1_282' title='bbox 462 4539 574 4608; x_wconf 83' lang='lat' dir='ltr'><strong>crassi</strong></span> <span class='ocrx_word' id='word_1_283' title='bbox 594 4563 636 4609; x_wconf 89' lang='lat' dir='ltr'><strong>ao</strong></span> <span class='ocrx_word' id='word_1_284' title='bbox 657 4541 763 4632; x_wconf 86' lang='lat' dir='ltr'><strong>rigidi</strong></span> <span class='ocrx_word' id='word_1_285' title='bbox 780 4540 883 4612; x_wconf 85' lang='lat' dir='ltr'><strong>suere</strong></span> <span class='ocrx_word' id='word_1_286' title='bbox 907 4545 1073 4637; x_wconf 84' lang='lat' dir='ltr'><strong>inprimis</strong></span> <span class='ocrx_word' id='word_1_287' title='bbox 1091 4551 1218 4620; x_wconf 84' lang='lat' dir='ltr'><strong>tunica</strong></span> <span class='ocrx_word' id='word_1_288' title='bbox 1234 4575 1390 4641; x_wconf 74' lang='lat' dir='ltr'><strong>carnea,</strong></span> <span class='ocrx_word' id='word_1_289' title='bbox 1414 4559 1453 4622; x_wconf 83' lang='lat' dir='ltr'><strong>et</strong></span> <span class='ocrx_word' id='word_1_290' title='bbox 1470 4553 1549 4645; x_wconf 86' lang='lat' dir='ltr'><strong>ipsa</strong></span> <span class='ocrx_word' id='word_1_291' title='bbox 1565 4550 1777 4628; x_wconf 85' lang='lat' dir='ltr'><strong>membrana</strong></span> <span class='ocrx_word' id='word_1_292' title='bbox 1794 4576 1941 4626; x_wconf 84' lang='lat' dir='ltr'><strong>mucosa</strong></span> <span class='ocrx_word' id='word_1_293' title='bbox 1959 4580 2039 4663; x_wconf 81' lang='lat' dir='ltr'><strong>non</strong></span> 
     </span>
     <span class='ocr_line' id='line_1_30' title="bbox 461 4675 2042 4787; baseline 0.013 -43"><span class='ocrx_word' id='word_1_294' title='bbox 461 4675 553 4748; x_wconf 86' lang='lat' dir='ltr'><strong>nihil</strong></span> <span class='ocrx_word' id='word_1_295' title='bbox 569 4680 748 4771; x_wconf 82' lang='lat' dir='ltr'><strong>turgidior</strong></span> <span class='ocrx_word' id='word_1_296' title='bbox 766 4704 808 4751; x_wconf 88' lang='lat' dir='ltr'><strong>ae</strong></span> <span class='ocrx_word' id='word_1_297' title='bbox 824 4681 985 4774; x_wconf 86' lang='lat' dir='ltr'><strong>densior,</strong></span> <span class='ocrx_word' id='word_1_298' title='bbox 1012 4695 1052 4755; x_wconf 89' lang='lat' dir='ltr'><strong>ut</strong></span> <span class='ocrx_word' id='word_1_299' title='bbox 1073 4709 1179 4758; x_wconf 88' lang='lat' dir='ltr'><strong>omne</strong></span> <span class='ocrx_word' id='word_1_300' title='bbox 1197 4690 1267 4762; x_wconf 87' lang='lat' dir='ltr'><strong>boe</strong></span> <span class='ocrx_word' id='word_1_301' title='bbox 1279 4691 1318 4762; x_wconf 86' lang='lat' dir='ltr'><strong>in</strong></span> <span class='ocrx_word' id='word_1_302' title='bbox 1332 4690 1489 4785; x_wconf 81' lang='lat' dir='ltr'><strong>oystitite</strong></span> <span class='ocrx_word' id='word_1_303' title='bbox 1504 4687 1675 4761; x_wconf 82' lang='lat' dir='ltr'><strong>chronica</strong></span> <span class='ocrx_word' id='word_1_304' title='bbox 1693 4690 1773 4761; x_wconf 87' lang='lat' dir='ltr'><strong>fieri</strong></span> <span class='ocrx_word' id='word_1_305' title='bbox 1787 4691 1897 4784; x_wconf 79' lang='lat' dir='ltr'><strong>solet,</strong></span> <span class='ocrx_word' id='word_1_306' title='bbox 1922 4685 2042 4787; x_wconf 75' lang='lat' dir='ltr'><strong>prae-⁶</strong></span> 
     </span>
    </p>
   </div>
   <div class='ocr_carea' id='block_1_8' title="bbox 0 0 2227 5700">
    <p class='ocr_par' dir='ltr' id='par_1_8' title="bbox 0 0 2227 5700">
     <span class='ocr_line' id='line_1_31' title="bbox 0 0 2227 5700; baseline 0 0"><span class='ocrx_word' id='word_1_307' title='bbox 0 0 2227 5700; x_wconf 95' lang='lat' dir='ltr'><strong> </strong></span> 
     </span>
    </p>
   </div>
  </div>
 </body>
</html>
