4390 5710
1724 407 1772 496 ab

194 606 353 690 potest,
373 577 423 666 ita
461 616 605 694 quoqne
644 591 853 692 genitalium
889 591 1060 664 formatio
1099 557 1265 666 omnino*
1285 595 1325 666 in
1363 595 1564 690 aphroditis
1600 599 1772 694 perlectis

194 732 425 826 suprimitur5
448 733 481 818 ai
505 741 624 800 antem
651 731 831 824 supremio
857 736 1075 824 organorum
1101 754 1208 802 aexua
1233 743 1373 806 tanturn
1399 744 1452 805 est
1474 735 1658 828 partialis,
1682 751 1769 814 tunc
1900 747 1903 754 '

182 869 407 964 ‘aphroditus
443 863 678 960 imperfectus
712 873 891 958 apparet,
934 865 998 936 aed
1035 867 1253 962 plerumque
1284 869 1391 940 timul
1431 891 1513 946 cum
1551 896 1769 968 organorum

162 1082 165 1093 ‚
194 1006 442 1078 immutatione
461 1001 643 1074 materiali
668 1011 706 1073 et
727 1001 892 1092 turmali,
921 1003 1079 1096 ideoque
1103 973 1246 1076 ratione
1268 1007 1375 1078 etedii
1397 1017 1437 1110 ⁸et
1462 1009 1594 1101 gradus
1619 1035 1769 1106 supres-

191 1143 303 1212 aionie
329 1141 498 1234 genitalia
524 1137 666 1210 delectu
692 1139 750 1210 vel
783 1140 1004 1210 alienatione
1029 1141 1185 1242 uariant,
1231 1141 1274 1214 ln
1298 1143 1471 1238 periodo,
1506 1167 1576 1238 qua
1609 1151 1774 1244 oppositi

190 1301 297 1348 acam
321 1277 485 1372 potentia
512 1285 651 1344 tantum
677 1275 740 1380 aed
765 1275 883 1352 suumn
905 1277 1068 1350 nondum
1094 1277 1293 1369 differunt,
1333 1279 1389 1354 via
1412 1281 1627 1352 lormetirae
1653 1285 1769 1356 ellec-

189 1416 325 1484 tionem
350 1399 520 1486 alienatio
543 1412 701 1484 diatiocti
726 1411 944 1484 characteris
970 1411 1127 1485 aenualis
1149 1437 1170 1480 a
1197 1424 1297 1522 recto
1318 1416 1463 1484 tramite
1487 1416 1523 1484 in
1551 1419 1659 1490 alium
1685 1423 1771 1494 clte-

187 1535 365 1620 recterem
391 1549 601 1644 oppositum
624 1547 871 1642 subsequitur,
907 1565 944 1620 et
976 1551 1143 1620 oriuntur
1175 1551 1352 1621 mixtione
1382 1552 1597 1628 simultanee
1628 1558 1769 1630 utrius-

188 1711 259 1780 que
282 1705 391 1758 eexua
415 1703 637 1780 organorum
660 1683 769 1784 timul
795 1696 858 1756 eut
881 1685 1084 1780 androgyni
1111 1697 1172 1756 eut
1197 1689 1393 1780 gynandri,
1421 1712 1512 1786 quoa
1536 1689 1596 1760 elii
1620 1704 1786 1788 quoqne'

181 1823 475 1916 ,hermaphrodiu
498 1833 640 1898 uocant.
687 1819 748 1894 Ex
778 1821 966 1916 bucusque
991 1819 1174 1914 allegatio,
1202 1825 1296 1893 clare
1322 1828 1449 1918 patet,
1485 1825 1768 1922 hermaplnodi-
1847 1877 1855 1889 =

184 1971 242 2030 toa
265 1935 517 2030 tantummodo
541 1962 580 2030 in
617 1959 688 2030 lroo
712 1981 820 2028 aenou
844 1967 920 2030 tem
946 1961 1040 2028 inter
1071 1957 1236 2028 heminae
1269 1981 1376 2052 quam
1409 1963 1614 2037 memmallo
1647 1965 1763 2038 obre-
1815 2015 1820 2024 ·

179 2095 285 2182 nire,
311 2095 395 2186 quie
420 2117 572 2171 nexuum
597 2093 788 2187 duplicitaa
810 2092 857 2164 iia
880 2093 1008 2186 regule
1031 2104 1199 2164 constane
1226 2103 1299 2184 eet,
1336 2105 1374 2164 et
1405 2117 1569 2188 quaeque
1594 2083 1763 2177 alienatio
1832 2129 1869 2179 κ

106 2319 110 2334 Ι
184 2254 206 2300 a
231 2253 360 2302 norme
384 2229 561 2322 naturali,
592 2200 797 2324 generibus·
814 2229 965 2304 dirersis
988 2229 1214 2326 praescripta
1221 2265 1247 2324 ,·
1271 2252 1343 2325 que
1366 2231 1516 2304 morbus
1541 2238 1765 2316 considerari

186 2364 307 2446 debet.
431 2425 435 2434 .

279 2573 344 2652 An
359 2581 396 2650 in
410 2579 623 2676 genitalibus
647 2579 814 2654 morbose
834 2581 997 2654 alienatio
1018 2579 1180 2674 perlecta
1207 2582 1313 2652 nnius
1327 2591 1468 2653 tentum
1494 2607 1601 2660 sexus
1621 2587 1761 2666 iunctio
1807 2671 1813 2682 ,

179 2717 278 2790 baud
312 2717 418 2790 fenile
443 2717 480 2786 in
507 2717 738 2810 quibusdem,
772 2703 815 2790 in
841 2718 919 2790 aliia
939 2719 1005 2788 uix
1028 2739 1205 2808 unquam,
1250 2727 1286 2786 et
1316 2719 1353 2786 in
1388 2721 1576 2811 permultie
1610 2729 1759 2799 omnino
1849 2701 1852 2708 Ι

179 2875 366 2946 nunquam
390 2852 597 2946 perficitur,
628 2853 842 2946 impotentia
866 2853 1023 2926 nexualis
1052 2875 1074 2920 a
1105 2851 1200 2920 mele
1232 2875 1342 2922 auxus
1377 2856 1642 2947 organisatione
1672 2885 1759 2956 pro·

179 2991 283 3061 diena
317 2987 362 3056 in
393 2987 533 3057 ratione
557 2989 709 3078 'aequali
756 3013 838 3058 cum
873 2989 988 3080 gradu
1019 2987 1244 3058 alienationis
1270 2987 1464 3058 invenitur.
1513 2991 1754 3072 Levissimum

179 3127 330 3220 gradum
369 3117 482 3216 inter:
504 3121 603 3192 uiros
639 3121 774 3211 Atreti,
832 3121 1061 3215 Hyapadieei
1100 3134 1136 3190 et
1180 3117 1440 3215 Anespadiaei,
1491 3129 1756 3230 seuEpyspa..

179 3261 275 3334 diaei
313 3256 545 3330 constituunt.
607 3233 978 3350 Hypospediaeorum
1015 3267 1098 3324 aunt
1136 3257 1269 3326 diversi
1302 3262 1458 3350 gradus,
1496 3285 1651 3353 quorum
1682 3279 1758 3344 trea
1835 3355 1842 3362 ,

179 3409 313 3470 etetuo:
358 3417 388 3464 t.
412 3393 475 3462 ubi
498 3390 648 3462 urethre
672 3411 746 3462 non
769 3393 809 3461 in
834 3391 1098 3484 lacie‘glendie
1122 3395 1189 3462 aed*
1211 3391 1307 3463 inire
1330 3395 1430 3464 retro
1464 3395 1628 3490 glandem
1662 3429 1757 3500 ape.
1886 3419 1891 3436 ³

177 3535 290 3623 ritur3
335 3551 369 3602 a.
394 3530 432 3601 iu
465 3529 569 3622 penis
608 3527 730 3598 medie
759 3527 854 3597 secie
883 3527 1066 3615 inferiori3
1104 3533 1138 3601 5.
1166 3528 1232 3600 eub
1258 3528 1333 3620 ejus
1369 3530 1495 3600 radice
1525 3533 1562 3602 in
1588 3537 1761 3633 regione,
1874 3613 1878 3620 ,

176 3691 283 3763 quem
308 3667 348 3738 in
373 3665 499 3759 regule
523 3663 653 3738 bulbus
678 3665 851 3735 methrae
882 3650 1055 3756 occupat(
1096 3663 1215 3755 Hujus
1241 3664 1340 3734 tertii
1372 3665 1506 3760 gradus
1535 3675 1754 3751 mutationes

176 3817 274 3878 aunt:
300 3801 518 3898 quandoque
543 3799 609 3870 etei
636 3811 806 3895 apertura
832 3799 898 3870 ntb
923 3800 1045 3890 raclipe
1069 3801 1211 3894 prodit,
1249 3799 1369 3870 aulcue
1394 3812 1514 3876 temen
1547 3828 1612 3878 eeu
1635 3815 1753 3884 aemi..

174 3943 261 4016 calla
284 3961 401 4032 unque
423 3902 717 4028 glandia'seeiem
739 3935 951 4008 inferiorem
976 3935 1155 4026 excurrit,
1180 3945 1218 4004 et
1240 3933 1353 4006 secie·
1375 3933 1451 4028 ejua
1475 3961 1622 4014 mucosa
1645 3949 1756 4022 rubet

54 4039 59 4044 ¹
175 4079 417 4184 nymphemu
442 4071 572 4162 modo,
606 4041 674 4144 eut
699 4073 762 4142 vix
787 4061 974 4166 vestigium
1008 4069 1083 4162 ejua
1109 4069 1243 4140 canalis
1275 4071 1394 4162 adeat,
1428 4084 1465 4144 et
1494 4077 1605 4146 tertio
1638 4079 1752 4156 facim
1865 4083 1873 4092 '

173 4216 278 4311 penio
303 4211 455 4286 interior
480 4229 596 4302 aeque
620 4231 664 4278 ao
688 4207 856 4301 superior
881 4230 904 4277 e
927 4217 1009 4279 ente
1034 4207 1217 4277 communi
1243 4216 1296 4278 eat
1319 4207 1476 4280 obtecta.

152 4487 157 4500 .
271 4449 316 4522 ln
346 4446 405 4522 hie
434 4443 603 4538 subjectio
634 4443 665 4514 ai
700 4440 761 4512 elii
795 4443 866 4512 viri
891 4441 1118 4514 ebereoteree
1149 4442 1298 4534 adeunt,
1340 4463 1447 4514 nexus
1483 4463 1560 4514 non
1594 4459 1750 4544 apparet

174 4585 283 4664 nimie
312 4581 461 4678 dubim,
497 4581 569 4656 uiri
611 4577 786 4654 teatioulir
819 4573 927 4652 eimul
957 4599 1103 4674 qnoque
1133 4588 1294 4652 amotum
1328 4588 1473 4676 eareat,
1507 4588 1571 4650 aut
1601 4604 1624 4654 a
1653 4607 1748 4670 nme
1874 4571 1878 4578 ’
