4390 5710
444 482 492 575 at
1138 480 1354 519 ’Ν

446 673 625 749 clitoridei
653 666 838 739 constituit
864 667 1049 760 duplicata
1072 665 1161 734 cutis
1190 665 1327 757 ampla,
1362 685 1510 755 rugosa,
1536 665 1687 758 plicata,
1713 665 1877 757 glanrlrm
1905 679 2028 738 tamen

445 836 517 886 non
557 810 713 900 obtegit,
757 810 818 875 sed
853 805 958 896 plicis
992 803 1314 894 longitudiualibus
1352 813 1550 870 retrorsum
1588 815 1704 873 tracta
1742 805 1907 896 glandem
1951 809 2026 876 sero

445 951 566 1043 quoad
595 948 748 1014 matium
775 956 915 1035 partem
943 945 1076 1009 nudam
1104 941 1290 1032 relingnit‚
1324 962 1396 1007 non
1422 940 1481 1005 hic
1509 941 1553 1006 ad
1579 939 1717 1028 glandis
1744 965 1914 1009 coronam
1940 943 2028 1010 ubi-

447 1112 516 1178 qna
544 1086 735 1168 adtineret,
763 1083 823 1147 sed
851 1081 1010 1166 sejuncta
1038 1101 1186 1168 prorsus
1214 1079 1258 1145 ad
1286 1087 1476 1164 utramque
1502 1076 1652 1146 discedit
1677 1077 1855 1148 labiorum
1882 1090 2028 1150 cerota-

443 1226 532 1294 lium
559 1232 700 1312 partem
726 1229 762 1287 et
786 1217 918 1287 incisae
944 1216 1076 1308 raphes
1102 1213 1275 1283 lateribus
1300 1214 1544 1282 continuatur.

544 1529 580 1600 Si
614 1552 743 1622 penem
785 1529 1013 1599 clitorideum
1047 1523 1250 1595 attollamus
1286 1537 1371 1596 tunc
1405 1528 1441 1597 in
1476 1535 1706 1618 conspectum
1738 1526 1862 1617 prodit
1896 1523 2028 1593 rimula

444 1671 578 1742 divisae
604 1666 734 1758 raphes
761 1671 852 1735 ostio
878 1664 1022 1754 hiante3
1053 1663 1142 1731 haec
1169 1663 1299 1730 rimula
1325 1665 1440 1731 media
1467 1662 1560 1752 jacet
1590 1661 1687 1731 inter
1715 1675 1820 1730 crura
1846 1661 2028 1753 praeputii

442 1807 591 1875 inferius
619 1803 785 1891 diducta,
828 1827 918 1894 quae
951 1825 1073 1893 versus
1112 1799 1334 1888 stipcriorem
1368 1802 1470 1890 penis
1496 1811 1634 1891 partem
1660 1800 1862 1886 tumidum,
1902 1820 2025 1866 versus

442 1942 637 2027 inferiora,
678 1939 738 2007 ubi
773 1940 865 2008 sacci
898 1937 1059 2007 scrotalis
1085 1936 1179 2003 labia
1211 1937 1279 2003 sita
1305 1948 1404 2020 suut,
1446 1935 1725 2021 coutraltuutnr3
1765 1958 1883 2025 neque
1926 1936 2023 2000 enim

441 2079 571 2150 ostium
606 2077 738 2144 canalis
761 2076 867 2168 {illius
900 2098 967 2168 per
998 2083 1115 2140 totum
1154 2071 1257 2139 dirisi
1298 2071 1479 2163 praeputii
1512 2070 1658 2138 ductum
1693 2074 1918 2147 extenditur,
1956 2072 2019 2138 sed

439 2219 502 2292 vix
526 2225 599 2282 tres
625 2213 736 2282 lineas
763 2214 906 2302 longum
934 2235 1005 2278 uno
1034 2209 1177 2276 circiter
1217 2230 1326 2297 supra
1353 2230 1459 2274 annm
1495 2209 1625 2298 pollice
1661 2208 1797 2274 ambitu
1824 2208 2019 2274 rotundato

438 2351 665 2423 terminatur.
717 2350 821 2434 Quae
849 2344 1144 2433 ostinmcanalis
1175 2343 1285 2432 cingit
1321 2345 1511 2434 productio
1540 2344 1641 2427 entis,
1668 2343 1814 2410 minime
1842 2341 2020 2433 nymphae

437 2492 686 2560 flaccescentes
712 2483 843 2570 refert,
870 2484 931 2549 sed
958 2479 1202 2548 duriusculum
1231 2455 1350 2570 potins
1378 2481 1552 2567 taeniam,
1591 2501 1682 2569 quae
1722 2480 1851 2571 raphes
1878 2489 2019 2545 textum

331 2705 335 2710 ι
436 2623 572 2721 prodit.
623 2619 661 2686 Si
688 2621 822 2686 disecto
849 2641 915 2708 pcr
947 2590 1233 2706 modium'pene
1268 2615 1401 2683 canalis
1429 2618 1577 2706 vaginae
1605 2638 1669 2705 per
1696 2615 1918 2706 superiorem
1946 2637 2016 2706 pa-

433 2763 561 2834 rietem
589 2755 787 2840 incidatur,
811 2755 948 2845 liquido
977 2753 1354 2844 apparet,¹enndem,
1385 2766 1467 2818 'cum
1494 2775 1559 2843 per
1587 2753 1680 2820 hunc
1706 2754 1744 2818 in
1771 2753 1852 2822 viro
1879 2749 2017 2817 infante

433 2899 558 2970 lotium
585 2892 780 2984 profluxit,
824 2891 1008 2958 uretliram
1036 2889 1107 2956 diei
1141 2887 1291 2976 debere,
1337 2888 1419 2955 licet
1447 2899 1482 2954 et
1516 2887 1624 2956 latior
1649 2899 1683 2956 et
1716 2888 1855 2976 longior
1890 2888 2016 2954 ductus

434 3027 605 3129 quarn‘in
632 3029 750 3121 puella
777 3038 810 3094 ct
843 3028 989 3095 brevior
1024 3047 1128 3115 quam
1157 3025 1192 3091 in
1225 3048 1339 3115 puero
1372 3024 1425 3092 sit.
1479 3023 1628 3092 Vesicae
1667 3024 1848 3090 urinariae
1884 3021 2013 3088 collum

431 3177 470 3244 in
495 3171 592 3238 bunc
628 3165 787 3231 carralem
821 3162 1011 3231 manifesto
1048 3163 1294 3245 continuatur,
1329 3169 1364 3225 et
1396 3160 1433 3225 in
1461 3159 1572 3226 sundo
1605 3157 1679 3244 ejus
1712 3159 1889 3226 orificium
1916 3156 2010 3223 uteri

430 3300 616 3378 muliebris
651 3301 686 3365 in
722 3301 873 3364 eundem
908 3295 1148 3385 protenditur.
1199 3296 1341 3362 Canalis
1381 3296 1438 3363 hic
1480 3296 1524 3362 ab
1567 3292 1796 3362 tlkermanno
1837 3292 2010 3385 vaginulis

429 3449 578 3516 vocatus
602 3433 771 3525 pollicem
804 3431 1027 3520 longitudine
1056 3440 1206 3519 aequat.
1236 3432 1339 3498 initio
1367 3431 1606 3516 contractior,
1647 3433 1728 3498 dein
1755 3431 1861 3498 latior
1889 3429 2008 3498 eradit

431 3589 467 3647 et
490 3571 590 3666 quasi
616 3569 652 3637 in
680 3567 872 3658 ampullam
900 3567 1117 3654 intumescit,
1145 3568 1180 3633 in
1209 3591 1279 3657 qua
1306 3579 1342 3634 et
1367 3578 1490 3656 uterus
1517 3577 1552 3632 ct
1579 3567 1725 3634 urethra
1750 3567 1787 3632 in
1813 3566 1913 3632 illam
1939 3568 2007 3632 de-

427 3716 559 3786 ainuut.
611 3704 824 3774 Membrana
858 3703 949 3773 laevi
985 3727 1131 3773 mucosa
1157 3703 1313 3770 obducta
1350 3710 1418 3784 est,
1459 3705 1495 3766 in
1524 3701 1622 3786 cujus
1647 3703 1787 3768 interna
1812 3699 2005 3792 superficie

428 3844 624 3923 excretorii
663 3844 931 3932 mucipararum
964 3851 1170 3929 cryptarum
1200 3840 1325 3905 ductus
1357 3859 1439 3903 raro
1466 3847 1501 3904 et
1527 3835 1609 3904 hinc
1637 3837 1719 3904 inde
1746 3837 1886 3904 hiantes
1912 3859 2004 3904 con-

428 3983 638 4079 spiciuntur.
689 3976 761 4043 Ubi
787 3951 915 4065 vagina
944 3977 980 4040 in
1010 3975 1202 4066 ampullam
1230 3973 1454 4060 extenditur,
1489 3975 1525 4040 in
1552 3972 1691 4064 pariete
1717 3971 1881 4040 interiori
1908 3975 2002 4041 sinus

427 4117 683 4194 notabilioree
710 4112 850 4203 prodit,
878 4111 1092 4201 qui-revera
1119 4133 1261 4178 saccum
1294 4132 1440 4177 coecum
1467 4108 1618 4198 format,
1655 4108 1865 4177 tenuissima
1890 4132 2002 4200 supe·

423 4259 500 4331 rius
525 4247 732 4322 membrana
759 4245 961 4317 obvelatum
989 4231 1084 4337 ⁴tper
1119 4271 1226 4338 quem
1259 4270 1338 4314 mea
1365 4246 1559 4335 opionione
1584 4245 1753 4314 urethrae
1779 4244 1892 4314 virilis
1918 4265 2001 4336 pars

423 4391 624 4467 musculosa
657 4409 719 4455 seu
752 4386 931 4477 posterior
965 4393 1001 4452 et
1033 4360 1175 4452 interna
1209 4383 1306 4452 foras
1339 4383 1403 4451 sub
1429 4384 1551 4452 radice
1576 4383 1679 4474 penis
1711 4381 1908 4452 terminare
1932 4405 1998 4450 coa

427 4545 511 4604 nata
537 4522 788 4614 luit31eliqua
817 4533 936 4590 autam
965 4520 1099 4590 canalis
1126 4543 1214 4613 pars
1238 4520 1421 4590 urethram
1457 4522 1684 4612 spongiosam
1711 4517 1800 4588 mihi
1826 4521 2005 4588 constitua

423 4692 484 4742 cre
509 4667 670 4750 ridetur,
696 4660 760 4729 sed
785 4657 954 4750 glandem
981 4681 1055 4730 non
1082 4659 1226 4752 attingit
1254 4669 1289 4729 et
1315 4661 1352 4729 in
1385 4660 1488 4752 penis
1512 4659 1604 4728 facie
1630 4655 1797 4726 inferiori
1819 4655 1897 4726 sere
1920 4674 2001 4727 me-
