4334 5716
799 481 1029 528 *vecte
1425 476 1474 522 ·.
1542 442 1545 450 ,
1670 469 1728 566 n

134 671 289 767 longius·
303 695 447 768 quoque
469 673 599 748 cerain
619 671 715 744 utari
740 668 973 766 invaginant
998 669 1176 764 producta
1205 677 1278 760 eat;
1311 666 1375 738 ubi
1401 673 1521 738 sutem
1545 664 1746 738 substan-¹
1856 673 1859 678 “

136 777 311 884 mmm
336 824 372 884 et
397 813 552 906 vaginae
575 811 639 882 rix
665 784 953 901 distinguamur,
980 807 1035 876 uti
1058 811 1096 876 in
1121 807 1325 894 rosoribus,
1350 804 1449 914 nullu
1474 803 1568 874 uteri
1594 803 1719 912 cervia

138 937 179 1017 in
204 949 373 1042 vaginam
394 948 577 1036 iinmiuet3
601 947 652 1018 sio
677 967 822 1038 quoque
846 944 886 1013 in
911 941 1012 1014 foetu
1040 943 1200 1012 hnmano
1224 955 1348 1014 uterus
1378 939 1417 1010 ib
1441 941 1606 1034 vaginam
1634 961 1720 1032 pro·

137 1081 233 1154 latua
259 1085 377 1155 oritur
401 1084 530 1154 seriori
564 1093 729 1175 tempore
762 1079 899 1152 viribus
933 1081 1110 1174 oppositis
1144 1082 1368 1175 expansione
1394 1089 1431 1150 et
1454 1077 1722 1160 contraction05
1830 1154 1832 1162 Α

138 1228 177 1290 et
201 1175 395 1290 discrimelt
417 1220 513 1290 inter
537 1219 603 1290 has
628 1183 724 1288 vires
755 1237 800 1284 eo
827 1215 1031 1286 distinctius
1057 1226 1123 1308 eat,
1158 1215 1240 1311 quo¹
1258 1215 1364 1288 altior
1390 1194 1722 1314 eorum'lorrnatio.
1760 1215 1764 1232 '

137 1355 397 1448 Pbyaiologiae
421 1354 690 1447 comparativae
716 1361 772 1426 est
795 1349 921 1444 regula
952 1351 1156 1444 generalis,
1190 1377 1261 1447 quo
1289 1318 1458 1422 animalia
1481 1358 1566 1420 aunt
1590 1343 1746 1416 inseri--
1790 1337 1791 1344 '
1846 1326 1862 1344 N

141 1513 231 1596 ora,
255 1513 300 1560 eo
323 1487 593 1584 imperfectiora
618 1511 762 1582 quoquo
787 1489 916 1558 ‘eornm
941 1487 1111 1558 intestina
1143 1498 1179 1557 et
1210 1488 1403 1582 genitalia3
1442 1485 1540 1578 cujus
1576 1463 1751 1577 quidem

135 1624 286 1720 regulae
308 1636 431 1698 tamen
457 1625 689 1722 exceptiones
715 1647 789 1696 non
814 1623 1189 1728 raraeinveniuntur.

148 1991 154 2001 ·
242 1891 516 1988 simplicissima
552 1869 740 1988 utriusque
764 1891 883 1964 forma
915 1889 1078 1973 canalem
1109 1888 1308 1984 simplicem
1333 1863 1494 1988 reserens
1534 1889 1573 1958 in
1604 1885 1726 1993 lrydra

145 2027 360 2123 actiaiiaque
382 2028 507 2120 juncta
531 2042 697 2124 apparet.
745 2028 788 2100 lu
818 2025 1003 2100 vermibus
1026 2038 1147 2098 autem
1182 2025 1254 2118 jam
1280 2049 1420 2122 organa
1443 2027 1586 2101 diversa
1603 2043 1724 2130 ¹gene-

134 2147 281 2234 rationi
312 2147 351 2237 el
381 2164 641 2256 cbylilicationi
690 2172 773 2234 aunt
807 2163 993 2250 dedicata,
1031 2186 1124 2254 quae
1156 2161 1299 2232 canales
1341 2161 1529 2232 tubulosos
1559 2146 1725 2228 reserunl

144 2299 269 2410 multia
294 2300 411 2368 coecis
436 2297 696 2402 appendicibus
720 2297 923 2368 instructos.
970 2297 1152 2386 Inbelrce
1176 2297 1338 2390 pomatia
1363 2308 1486 2367 sutem
1509 2293 1583 2388 jam
1609 2291 1725 2386 hepar
1859 2333 1870 2386 .'

143 2455 166 2502 e
199 2432 363 2506 veaiculia
395 2442 564 2504 constans
594 2443 631 2503 et
664 2434 829 2506 ovar-ium
866 2434 991 2528 hepati
1021 2435 1135 2504 simile
1172 2443 1353 2506 structura
1385 2407 1633 2528 perspicimur.
1681 2425 1726 2497 In

144 2570 244 2640 ranis
281 2589 394 2662 porro
437 2569 606 2644 intestina
637 2577 674 2640 et
703 2570 874 2664 genitalia
911 2594 1019 2664 quarn
1055 2571 1212 2642 maxime
1245 2569 1385 2666 pollent
1416 2567 1581 2660 analogia
1618 2575 1657 2634 et
1686 2563 1727 2634 in

145 2704 272 2776 aribus
297 2714 334 2772 et
364 2703 615 2778 mammolibua
646 2705 821 2798 ejusmodi
850 2705 992 2778 formae
1031 2727 1104 2776 uon
1142 2729 1228 2776 raro
1269 2717 1457 2800 apparent.
1505 2698 1727 2792 Praesertim

43 2867 49 2884 ¹
143 2840 264 2912 forma
308 2841 468 2910 intestini
502 2841 572 2911 coli
606 2843 825 2936 saepissime
846 2843 884 2918 in
921 2841 1138 2937 genitalibus
1167 2840 1373 2914 foemininia
1405 2839 1571 2928 obvenit,
1612 2847 1650 2908 et
1685 2835 1727 2908 in

147 2985 304 3068 utroque
328 2963 521 3066 systemate
552 2972 682 3046 cimilia
710 2977 908 3072 ligamenta
939 2976 1156 3048 muscularia
1193 2975 1369 3070 plicaret
1399 2957 1548 3048 haustra
1586 2972 1728 3068 produ·
1823 3041 1834 3056 ,

150 3083 254 3200 cunt,
279 3119 320 3182 ut
342 3111 383 3182 in
408 3109 579 3182 oriductu
603 3109 775 3202 gallinae,
799 3113 839 3182 iu
866 3122 971 3182 utero
996 3133 1186 3236 carrarum
1211 3121 1282 3186 eto.
1333 3119 1346 3140 '
1418 3201 1423 3216 .

248 3304 507 3378 Similitudines
534 3291 743 3397 genitalium
775 3313 813 3375 et
843 3303 1094 3376 intestinorum
1120 3327 1196 3376 non
1228 3271 1370 3375 tantum
1402 3307 1441 3374 ln
1478 3253 1630 3378 diiersis
1656 3323 1727 3374 eo-

23 3543 24 3550 *
149 3465 228 3515 rum
260 3441 487 3514 formationis
497 3439 643 3511 “stadiis
674 3442 737 3512 sed
777 3441 814 3513 in
847 3441 999 3515 diversis
1034 3463 1177 3534 quoque
1216 3423 1296 3512 aliis
1325 3441 1420 3514 ritae
1451 3437 1730 3512 circumstantiis

23 3653 24 3670 p
152 3581 206 3652 uti
230 3579 269 3648 iu
295 3576 510 3672 graviditate
542 3577 658 3670 magia
691 3587 754 3646 aut
784 3577 903 3648 minus
933 3579 1146 3670 perspicuae
1173 3601 1213 3650 ae
1246 3579 1417 3672 produnt.
1467 3577 1563 3649 Trea
1594 3577 1728 3648 adsunt
1826 3579 1831 3592 ⁴

152 3725 274 3814 partes
304 3711 554 3816 muliebrium,
592 3713 703 3786 tubae
738 3733 888 3808 nempe,
927 3721 1122 3786 uternam
1151 3701 1302 3805 ragina,
1340 3739 1431 3807 quaa
1462 3735 1545 3784 cum
1576 3709 1729 3786 diversis

152 3860 287 3924 tractus
321 3847 535 3920 intestinalis
566 3849 774 3944 regionibus
804 3869 1018 3944 comparare
1046 3869 1256 3944 possumne,
1292 3861 1436 3954 uterum
1468 3869 1550 3920 oum
1582 3825 1731 3930 venaris

152 3987 254 4080 culo,
276 3997 338 4055 eut
363 3984 523 4054 intestini
549 3985 620 4056 coli
643 3985 767 4076 initio,
802 3985 908 4058 tubis
933 4009 1016 4056 cum
1041 3986 1159 4058 coeen‘s
1182 3985 1305 4056 avium
1332 3985 1611 4080 appendicibus,
1641 3983 1727 4059 val·
1809 4023 1815 4032 ·

107 4179 112 4186 .
152 4124 235 4196 vata
261 4103 427 4210 llaubiui¹
454 4127 492 4188 et
515 4121 610 4192 uteri
635 4123 760 4208 cervix
783 4145 938 4194 unacum
965 4123 1185 4194 conveniunt
1205 4125 1451 4198 similitudine.
1500 4123 1542 4198 lu
1562 4122 1729 4195 cuniculo

151 4255 294 4330 vulvula
318 4255 365 4326 all
397 4255 528 4330 ostium
558 4256 670 4332 tubse
701 4257 830 4328 eodem
862 4258 1126 4353 propemodum
1159 4282 1199 4329 ae
1229 4259 1340 4332 habet
1376 4259 1429 4332 uti
1458 4258 1602 4336 vulvula
1631 4255 1726 4346 coli;

151 4405 187 4467 et
210 4393 346 4466 claudit
372 4391 559 4470 introitum
582 4415 631 4464 ex
655 4401 760 4466 utero
784 4394 823 4466 in
845 4393 972 4482 tubas,
1004 4417 1077 4488 quo
1102 4393 1481 4488 proculcassemus,
1517 4413 1640 4468 semen
1663 4391 1727 4466 vi·
1783 4452 1789 4458 .

149 4531 219 4604 rile
242 4529 282 4604 iu
306 4527 585 4602 beatificatione
606 4529 798 4608 curleium
820 4533 885 4607 vix
909 4519 1081 4634 un'quamj
1099 4533 1147 4602 ad
1172 4534 1296 4606 oraria
1332 4533 1536 4628 pervenire.
1587 4531 1727 4602 omnes

150 4665 316 4742 maure
338 4677 461 4742 autom
490 4666 842 4766 Maponi-primia
861 4671 1197 4790 temporibuaon
1220 4673 1340 4744 minua
1372 4693 1480 4764 qaam
1514 4633 1729 4744 mimalbub
