4390 5710
1464 425 1592 605 ⁸„
1659 433 1765 564 ,Ἦ

189 665 228 740 ot
252 677 392 740 erectsn
415 665 490 738 tres
516 663 664 760 pollices
696 673 733 738 et
756 663 945 738 dimidium
967 665 1233 744 mentiebatur.
1282 662 1340 742 Ab
1372 677 1527 766 utroque
1559 667 1649 744 sulci
1673 693 1764 746 urs-
1805 707 1810 723 ·

189 803 320 876 thralis
341 793 503 900 margine
530 804 715 878 descendit
737 813 891 876 outaosa
915 805 1036 898 portio
1060 787 1158 878 labia
1181 807 1313 882 vulvae
1338 808 1529 900 simulans,
1561 821 1596 882 et
1621 809 1684 880 ubi
1710 809 1764 882 in·

188 937 301 1012 ier'isn
314 939 511 1036 junguntur
535 941 643 1012 sunni
662 941 846 1012 muliebris
862 941 1017 1042 formam
1030 953 1158 1014 exacte
1180 941 1356 1020 referens.
1405 941 1567 1018 Morand
1588 945 1770 1072 testiculos
1870 973 1875 984 ·

191 1099 231 1148 se
247 1077 356 1170 plane
380 1063 452 1150 non
477 1079 514 1148 in
532 1074 635 1168 liujus
659 1079 750 1150 cutis
776 1077 944 1180 cellulosa
967 1087 1074 1174 parte
1097 1079 1257 1176 tetigisse
1280 1091 1445 1174 testatur,
1470 1081 1556 1152 licet
1573 1093 1701 1171 assate
1716 1082 1773 1155 su·

190 1212 353 1316 niculuru
383 1215 639 1308 spermaticum
670 1213 716 1288 ab
747 1213 1116 1291 abdominislsnnulo
1146 1217 1367 1310 productum
1396 1241 1437 1288 se
1473 1217 1770 1318 animadvertisse

195 1359 347 1438 asserat,
374 1353 435 1444 qui
461 1319 500 1422 in
526 1335 780 1422 cutis'textum
814 1350 1000 1426 evanuisse
1027 1351 1082 1422 illi
1121 1354 1217 1445 risus
1243 1353 1324 1426 fuis
1372 1349 1475 1424 lnter
1497 1351 1594 1424 labia
1618 1361 1772 1428 satanas

194 1484 284 1554 duos
310 1479 346 1556 st
371 1487 559 1558 dimidium
584 1482 732 1582 pollices
756 1485 823 1558 sub
848 1487 979 1582 glande
1002 1485 1108 1556 latuit
1131 1489 1311 1560 orificium
1337 1487 1611 1584 osticssginali
1636 1507 1773 1556 neona-
1829 1565 1833 1574 ,

193 1629 254 1690 tae
279 1623 419 1714 puellae
441 1647 514 1692 noo
540 1623 672 1714 majus,
697 1623 798 1714 cujus
822 1587 988 1694 inferiori
1014 1623 1168 1716 margini
1203 1623 1382 1696 assidebat
1406 1623 1601 1697 caruncula
1627 1620 1794 1710 rubella„

194 1753 254 1828 Ex
279 1757 348 1828 boc
373 1729 514 1830 orificio
538 1761 645 1830 urina
676 1759 855 1854 profluxit
889 1769 926 1828 et
949 1781 1074 1832 cereus
1101 1759 1151 1828 ad
1181 1773 1336 1854 quatuor
1360 1759 1510 1855 pollices
1534 1758 1672 1868 intrudi
1696 1779 1772 1850 po·

195 1893 276 1962 tuit.
350 1893 449 1966 Anus
472 1896 554 1990 pilis
579 1893 716 1966 obsitus
741 1907 839 1988 erat,
863 1917 937 1970 vox
962 1894 1093 1984 visilis,
1118 1893 1231 1974 barba
1255 1896 1487 1988 lanugincsa,
1510 1885 1676 1987 corporis
1702 1892 1773 1962 ba-

196 2025 295 2096 bitus
326 2031 371 2098 sd
405 2031 601 2100 masculum
653 2032 805 2125 propius
853 1995 1012 2112 accessit.
1061 2029 1147 2102 Hoc
1185 2031 1374 2123 aequivoci
1404 2053 1511 2100 sexus
1546 2022 1773 2100 individuum
1828 2115 1835 2127 .

199 2159 317 2230 visum
342 2163 410 2246 lujt
434 2163 584 2256 posthac
609 2163 767 2234 Hosniae
792 2187 889 2234 anno
920 2167 1014 2256 1755
1039 2177 1075 2234 et
1099 2187 1180 2235 ann.
1208 2167 1303 2254 1755
1330 2165 1522 2252 Genavae,
1545 2163 1609 2233 ubi
1634 2161 1776 2251 eadem,

198 2289 284 2364 licet
313 2295 391 2368 viro
423 2297 573 2369 similior
597 2301 763 2384 antenor
798 2281 962 2394 corporis
993 2297 1138 2370 habitus
1177 2312 1290 2392 esset,
1325 2299 1428 2373 omni
1453 2310 1577 2372 umen
1608 2293 1776 2372 bimestri

201 2427 343 2505 nunna
366 2443 586 2506 menstruum
610 2456 784 2530 perpessa
805 2431 888 2510 luit.

300 2741 454 2816 Caldsni
471 2741 661 2816 describit
690 2715 878 2815 bistoriarn
907 2753 1128 2838 sequentem.
1179 2741 1375 2816 Dominica
1414 2741 1570 2837 Scapato
1603 2739 1778 2813 Padnsns

192 2876 294 2956 'soce
318 2891 355 2950 ot
379 2893 527 2974 aspectu
549 2879 746 2954 foeminam
768 2903 807 2950 se
840 2881 958 2974 gessit.
1007 2879 1189 2950 Mammas
1216 2887 1403 2970 turgentes
1431 2877 1553 2950 nullae
1575 2877 1628 2948 illi
1662 2863 1780 2966 ¹crassi,
1835 2929 1840 2934 -

204 3017 340 3115 papilla
365 3039 479 3112 parve
497 3026 540 3086 et
572 3015 710 3104 tenuis;
748 3013 814 3108 pili
847 3026 883 3085 et
907 3017 946 3086 in
976 3009 1139 3110 pectore
1156 3024 1195 3083 et
1225 3015 1321 3084 circa
1342 3037 1489 3099 anum‚.
1521 3015 1607 3107 quin
1639 3025 1676 3083 et
1712 3011 1780 3082 sub
1856 3072 1859 3083 .
1916 2980 1922 2988 ¹

205 3156 326 3228 axillis
357 3153 617 3226 deficiebant0·
671 3151 837 3247 crinium
874 3151 1017 3224 modica
1053 3149 1239 3244 congeries
1271 3171 1398 3254 sume
1419 3148 1565 3242 pubem.
1616 3145 1780 3260 *Quando
1895 3229 1902 3236 ⁶

205 3295 336 3388 supina
365 3289 477 3378 jacuit
514 3285 681 3360 cruribus
712 3285 877 3358 adductis
905 3287 1115 3382 pudendum
1148 3285 1303 3354 'omnino
1333 3281 1509 3354 muliebre
1540 3280 1783 3368 monstrabat;

192 3393 275 3502 'ubi
304 3439 425 3498 autern
466 3448 573 3495 crura
595 3427 692 3494 inter
721 3445 761 3494 se
789 3423 965 3528 removit,
1010 3421 1179 3515 apparuit
1209 3419 1346 3490 olitoris
1367 3403 1524 3512 ⁴pollices
1563 3419 1654 3488 duos
1677 3417 1784 3522 longa

197 3530 305 3640 ⁸inter
330 3563 491 3660 pudendi
516 3561 611 3632 labia
638 3561 806 3631 deorsum
831 3560 1014 3652 pendens,
1054 3567 1090 3626 et
1113 3555 1307 3650 praeputio
1333 3556 1378 3624 ad
1401 3555 1550 3646 'glandis
1574 3553 1692 3628 nudae
1717 3575 1785 3624 oo·

210 3726 357 3778 ronam·
376 3701 513 3784 cincta,
551 3698 648 3790 qnod
681 3695 852 3767 sraanulis
872 3691 1028 3762 duobus
1058 3693 1127 3762 lroo
1158 3692 1313 3786 genitale
1345 3713 1518 3782 organum
1552 3687 1786 3806 adstudendi

210 3855 360 3914 externa
385 3835 480 3906 labia
506 3831 693 3926 alligabat,
716 3845 753 3902 et
775 3833 873 3903 intra
891 3829 981 3902 haec
1005 3827 1111 3920 labia
1126 3827 1166 3896 in
1189 3826 1371 3920 nymphae
1397 3827 1533 3920 species
1558 3823 1787 3918 produceba-

212 3993 293 4066 tur,
337 3995 429 4069 quse
454 3977 573 4042 autem
603 3970 640 4040 in
671 3969 841 4063 angulum
866 3975 1122 4038 concurrentes
1142 3939 1266 4036 subito
1300 3961 1537 4052 uniebantur,
1577 3951 1787 4032 rulleculam

213 4121 309 4187 inter
341 4132 449 4180 crura
477 4107 731 4200 relinquentes.
781 4103 853 4176 Sub
891 4105 961 4174 hoc
994 4121 1142 4176 crurum
1174 4095 1500 4202 nymphoidearum
1532 4119 1630 4166 nexa
1662 4095 1788 4164 fissura
1893 4079 1898 4088 ’

217 4253 360 4338 aderat,
384 4246 443 4316 cui
467 4241 751 4316 rubellasubtus
775 4239 968 4317 caruncula
992 4235 1200 4326 adjacebat,
1225 4255 1334 4328 supra
1361 4257 1467 4326 quarn
1493 4231 1675 4303 orificium
1700 4249 1789 4301 rer·

216 4413 276 4462 sus
301 4383 472 4482 intgriors
496 4377 656 4476 patebat,
681 4377 780 4472 qnod
805 4375 908 4469 digiti
933 4373 1073 4446 minimi
1101 4371 1242 4466 apicem
1266 4371 1329 4443 six
1353 4342 1507 4440 admisit.
1555 4365 1599 4438 ln
1624 4363 1692 4434 hoc
1717 4363 1791 4434 ori·

215 4525 342 4600 ficium
366 4520 439 4588 duo
465 4515 606 4591 candes
630 4515 880 4600 dehiscebant,
918 4531 1072 4604 quonam
1086 4529 1213 4600 ¹unus,
1254 4498 1313 4578 uti
1331 4507 1436 4580 urina
1466 4501 1657 4612 prosiliens
1680 4521 1791 4570 mon-

200 4662 374 4749 .strabst‚
405 4655 452 4728 ad
474 4657 631 4728 uesicam
655 4653 852 4726 asinariam
888 4649 946 4722 via
972 4659 1070 4736 erat,
1109 4645 1201 4718 alter
1232 4667 1322 4718 uero
1352 4642 1438 4714 licet
1467 4634 1623 4732 sntplior
1663 4634 1793 4708 incou
