4334 5716
687 491 690 502 ·
809 400 1031 528 ,Μ
1660 446 1711 536 aa

133 677 301 772 adgnata
337 671 620 750 fructificatione
653 666 861 766 plantarum
898 671 1048 760 peracta
1083 621 1273 752 deciduae·
1293 666 1295 681 '
1315 652 1453 728 Oraria
1485 645 1522 726 ci
1553 645 1710 722 arteriae
1824 606 1843 714 ,ί
1969 647 1978 699 .'

130 797 368 906 sparmatioae
393 811 538 904 quidem
563 815 728 899 tempore
762 802 986 896 graviditatis
1019 821 1164 892 qnoque
1196 795 1379 868 volumine
1403 793 1467 862 sed
1499 789 1610 882 magis
1641 809 1710 880 ac·-

132 951 359 1020 cidentaliter
382 952 584 1038 anguntur,
622 941 706 1032 quia
736 937 893 1014 inversio
927 935 1097 1034 polorum
1125 903 1351 1006 solummodo
1383 927 1564 1000 mediante
1598 945 1709 1000 vaso·

131 1108 211 1158 rum
235 1085 378 1158 actione
404 1047 603 1174 perlinitur.
696 1138 702 1149 .

135 1389 138 1398 ’
235 1395 371 1466 Uterus
401 1389 571 1485 gravidus
602 1389 724 1460 omnia
756 1409 892 1480 organa
920 1385 960 1456 in
993 1385 1167 1458 circulum
1200 1405 1286 1454 suae
1318 1377 1511 1458 activitatis
1542 1371 1710 1450 cantantia

132 1543 286 1604 conatur
325 1528 502 1598 conferre.
553 1521 744 1596 vesiculae
771 1523 971 1598 'seminales
998 1523 1037 1592 in
1073 1521 1160 1593 viris
1199 1527 1322 1590 autem
1359 1537 1502 1610 semper
1539 1505 1712 1582 testiculis

133 1667 324 1757 subjectae·
352 1671 561 1752 remanent,
602 1659 800 1752 earumque
834 1659 1052 1754 organisatio
1095 1657 1210 1728 multo
1247 1651 1496 1747 imperfectior
1528 1645 1637 1740 quam
1669 1665 1714 1714 ea

132 1801 388 1922 testiculorum⁸
407 1807 572 1892 apparet,
620 1791 972 1889 Omnes'glandulae
1004 1791 1212 1902 genitalium
1237 1783 1397 1864 ‘virilium
1423 1762 1619 1882 perfectius
1643 1805 1712 1852 or·-
1778 1869 1783 1876 Ι
1877 1875 1883 1882 Ι

134 1935 592 2032 ganisataereperiuntur,
638 1957 746 2026 qnam
771 1932 921 2019 lacunae
947 1941 982 2001 at
1015 1939 1166 2032 cryptae
1197 1946 1364 1998 urucosae
1388 1943 1514 1994 omnes
1542 1943 1611 2014 per
1640 1941 1712 1991 va·-

135 2076 258 2166 gin'am
281 2071 484 2162 dispersae,
511 2067 640 2160 qulbus
664 2069 702 2140 in
728 2057 815 2160 viris
839 2049 1007 2158 glandula
1032 2075 1212 2158 prostata,
1246 2075 1281 2132 et
1307 2085 1416 2132 enea
1442 2060 1623 2152 Cowpero
1650 2055 1713 2126 de·
1796 2070 1800 2084 ’

136 2176 343 2278 nominatae
370 2203 684 2306 correspondent3.
702 2185 824 2270 immo
838 2211 919 2272 tota
940 2201 1071 2293 ragina
1104 2201 1157 2270 uit
1189 2197 1289 2269 aliud
1309 2196 1390 2268 -nisi
1420 2191 1714 2290 parenehymatio

136 2339 319 2436 spongiosi
344 2337 535 2431 glandulae
566 2345 751 2430 prostatus
786 2333 950 2406 dilatatio
983 2335 1021 2404 in
1053 2357 1198 2406 saccum
1227 2329 1422 2427 amplum,
1453 2333 1515 2425 qui
1545 2349 1717 2422 magnam

136 2477 324 2563 lacunam,
349 2471 560 2540 innumeros
584 2469 762 2541 folliculos
786 2481 823 2540 et
853 2479 999 2564 cryptas
1024 2469 1717 2572 mucosus-continentem,'repraesene'

137 2617 211 2702 tat3
234 2607 431 2704 praecipue
455 2584 576 2676 aulem
600 2603 858 2680 illodlacunae
883 2615 920 2676 et
952 2617 1103 2700 cryptae
1128 2627 1296 2676 mucorae
1320 2625 1444 2678 versus
1470 2605 1619 2676 exitnm‘
1639 2600 1718 2674 hu·
1807 2683 1811 2694 Ι

138 2747 194 2840 jus
226 2746 374 2818 lacunae
390 2722 570 2833 majoris,
611 2763 720 2834 quam
741 2735 922 2836 'vaginam
958 2751 1129 2830 vocant,·
1157 2739 1371 2836 praesertim
1402 2743 1441 2812 in
1473 2737 1650 2812 unterlori
1679 2745 1718 2809 et

139 2877 333 2978 posteriori
360 2877 434 2966 ejus
457 2887 562 2970 parte
594 2887 865 2968 coagmentatae
892 2887 929 2946 et
960 2877 1173 2964 collocatae,
1214 2897 1306 2965 quae
1338 2897 1530 2970 congressu
1561 2893 1720 2947 venereo,
1757 2893 1760 2902 ·

141 3019 181 3088 in
207 3011 373 3088 foeminis
398 3011 586 3104 permultis
610 3018 824 3102 praesertim
856 3011 1033 3080 salaribus
1063 3033 1231 3102 magnam
1257 3011 1494 3102 quantitatem
1521 3009 1624 3080 iluidi
1650 3007 1726 3078 ali·.

144 3152 255 3241 cujus,
280 3173 304 3218 a
326 3147 507 3216 veteribus
537 3167 659 3214 semen
685 3143 861 3238 muliebre
887 3141 1016 3234 vocati,
1042 3147 1232 3233 emittunt,
1258 3147 1404 3240 corpori
1429 3144 1626 3242 prostatico
1649 3165 1717 3212 re-

143 3287 334 3384 spondent.
397 3279 582 3351 Diouisius
626 3281 840 3371 Chirurgus*
868 3277 1245 3372 Franco-gallorum,
1299 3281 1384 3350 dnm
1423 3281 1460 3350 in
1497 3280 1650 3352 introitu
1678 3279 1719 3348 in

145 3417 398 3520 compendium
423 3439 526 3486 suum
551 3417 638 3488 artis
668 3415 889 3486 obstetmtiae
924 3413 969 3484 de
1002 3415 1166 3508 partibus
1197 3415 1409 3486 mulieribus
1433 3417 1614 3511 loquitur,
1658 3437 1721 3485 aas

147 3577 318 3628 enarrem
345 3551 536 3644 glandulae
567 3553 784 3646 prostaticae
823 3521 991 3620 mulieris
1013 3551 1231 3621 mentionem
1254 3549 1358 3632 lecit,
1398 3551 1484 3644 quin
1510 3554 1618 3622 situm
1641 3548 1720 3640 ejus

147 3675 384 3776 describeret,
409 3687 473 3760 sub
500 3711 573 3782 qua
596 3689 674 3760 sine
699 3659 809 3756 dnbio
837 3687 972 3786 nodum
995 3685 1096 3758 illurn
1129 3689 1360 3780 spongiosum
1386 3686 1572 3776 (Prostata
1596 3685 1722 3758 Grae-

148 3827 215 3922 fii)
240 3825 278 3896 in
303 3825 443 3918 pariete
475 3825 649 3928 anteriori
689 3823 839 3915 vaginae
863 3829 959 3918 pon'a
1004 3823 1135 3892 collum
1168 3823 1307 3894 vesicae
1331 3825 1515 3894 urinariae
1539 3824 1721 3912 situatum,

138 3961 364 4060 'girandoque
388 3969 462 4030 tam
488 3959 772 4052 prominentem,
809 3967 850 4028 ut
874 3957 1061 4064 introitum
1092 3925 1168 4028 lere
1205 3960 1352 4030 omniuo
1378 3961 1480 4052 quasi
1505 3960 1634 4048 hernia
1657 3981 1723 4029 seu

148 4093 501 4195 prolapsu.saginsti
524 4093 729 4182 claudatur,
754 4093 982 4180 intellexerit.
1031 4093 1096 4164 Ast
1121 4115 1195 4163 non
1219 4095 1257 4165 in
1283 4097 1456 4167 anteriori
1477 4097 1617 4192 pariete
1640 4103 1723 4162 tan·

151 4249 228 4306 tum
260 4231 322 4304 sed
358 4231 397 4302 in
432 4227 634 4326 posteriore
667 4251 812 4320 quoqne
844 4231 917 4302 tale
956 4251 1087 4322 corpus
1121 4231 1353 4324 spongiosum
1392 4241 1575 4324 prostatus
1607 4226 1722 4304 sirnile

155 4353 345 4463 (Pr'ostata
369 4364 599 4458 Bartholini)
638 4363 838 4456 invenitur,
872 4389 944 4458 quo
976 4363 1123 4436 allatum
1149 4387 1269 4444 meum
1304 4369 1349 4439 da
1373 4375 1532 4462 prostata
1557 4361 1723 4460 glandula

149 4511 186 4580 in
213 4505 379 4600 vaginam
411 4499 603 4574 mulierum
637 4499 819 4572 dilabente
848 4499 931 4590 jam¹
952 4501 1067 4592 magis
1098 4503 1353 4594 confirmatur,
1394 4505 1490 4596 qnod
1522 4500 1724 4572 adhucdum

149 4639 306 4744 lucidius
329 4661 377 4710 ex
396 4629 672 4734 compaiatione
698 4634 857 4710 omnium
883 4652 1102 4734 organorum
1126 4639 1327 4712 sexualima
1351 4639 1464 4712 maris
1486 4649 1523 4712 et
1545 4635 1725 4710 foeminae
