4334 5716
1706 461 1812 558 {49³

173 669 244 758 tri,
283 667 332 740 ub
353 693 374 734 .·
391 665 514 740 oraria
548 682 663 756 seque
700 681 745 732 sc
777 669 886 732 testes
913 660 987 752 jam
1032 662 1218 734 arenam
1243 655 1407 752 margine
1441 668 1525 730 aunt
1555 669 1767 764 separatam·

176 804 344 884 fimbriae
373 801 415 875 in
444 799 522 870 basi
552 797 728 870 tubarum.
757 797 931 870 conoidea
960 797 1056 868 baad
1080 762 1231 866 ‘dfficue
1256 795 1536 888 distinguuntur.
1587 759 1753 890 Spatium

175 943 273 1016 intre
301 937 501 1030 marginem
542 941 732 1035 caeternum
764 932 880 1004 orarii
918 943 956 1004 et
991 931 1175 1004 internum
1211 931 1295 1002 coni
1332 929 1503 1012 tubarum
1541 932 1752 1006 extensione

174 1073 395 1174 peritonaei,
423 1071 652 1165 ligamentum
677 1067 812 1145 alatum
837 1067 1082 1162 duplicatione
1112 1066 1320 1158 formantis,
1340 1099 1345 1104 ·
1356 1065 1430 1156 jam
1467 1065 1676 1158 ampliatur,
1714 1077 1752 1140 et

173 1213 344 1284 tubarum
369 1203 575 1294 conjunctio
601 1189 682 1276 cum
709 1203 842 1276 orariis
873 1227 940 1302 per
966 1227 1075 1280 unam
1101 1201 1298 1276 alterumve
1324 1201 1505 1276 umbriam
1533 1201 1635 1276 valde
1659 1162 1751 1284 bra-1

171 1371 254 1422 vem
278 1343 394 1416 solum
420 1339 546 1412 effecta
571 1349 736 1436 apparel.

250 1518 587 1614 ‘Rosenmueuerus
619 1535 657 1608 in
682 1537 850 1610 omnibus
874 1537 1031 1611 foetibus
1060 1537 1267 1622 foemineis,
1284 1537 1434 1608 masuris
1459 1537 1497 1608 in
1533 1535 1595 1655 illa
1621 1519 1749 1630 duplis

171 1690 295 1752 cetura
318 1673 522 1768 peritonaei
549 1673 645 1743 intra
674 1673 839 1746 orarium
878 1686 916 1747 et
954 1675 1165 1748 tubarum
1205 1673 1307 1744 coni
1347 1667 1596 1760 obveniente,v
1623 1672 1750 1762 obser-

168 1816 273 1911 rar'it'¹
303 1791 619 1904 conpasculum
643 1797 876 1901 conicum,¹
911 1811 1032 1897 minus
1071 1798 1311 1904 pellucidum,
1365 1809 1610 1898 vasculosum,
1645 1809 1746 1899 cujus

166 1953 260 2022 basis
284 1945 408 2018 tubam
433 1967 556 2018 versus
580 1942 692 2035 jacet,
732 1967 826 2038 apex
851 1955 971 2016 autem
1003 1946 1041 2018 in
1066 1947 1292 2040 superiorem
1325 1943 1439 2016 orarii
1465 1944 1574 2016 linem
1601 1944 1746 2020 desinit·

164 2087 209 2158 F.
234 2082 355 2154 Mekel
380 2084 418 2150 in
442 2079 580 2158 infante
612 2079 803 2150 duodecim
834 2080 1094 2174 lreptomadum
1125 2079 1217 2148 illud
1256 2101 1388 2171 eorpus
1411 2079 1578 2150 conicum
1609 2101 1743 2164 tascu-

164 2224 281 2294 losnm
309 2223 366 2287 set
394 2213 532 2306 insigne
565 2235 611 2284 ex
643 2213 945 2288 numerosissimis
982 2211 1188 2284 canaliculis
1228 2209 1423 2284 vasculosis
1452 2213 1649 2290 consistens
1678 2215 1743 2290 in.

163 2355 273 2432 venit.
322 2349 456 2420 Breues
479 2347 531 2418 illi
564 2349 704 2418 canales
736 2347 865 2442 viginti
889 2347 1033 2418 circiter
1063 2369 1214 2418 numero
1246 2346 1399 2418 multum
1436 2349 1599 2420 etruria
1631 2351 1742 2425 modo

53 2509 58 2516 '
163 2467 317 2564 tortuosi
356 2495 601 2578 serpentantes
633 2483 671 2552 in
703 2481 782 2553 basi
822 2505 886 2554 sna
916 2483 1030 2554 multo
1063 2483 1265 2582 ‘ampliores
1290 2503 1397 2574 quem
1430 2481 1571 2574 apicem
1602 2508 1740 2580 versus,

157 2627 223 2700 ubi
246 2619 360 2714 magis
390 2611 573 2712 magisque
605 2628 862 2710 convergentes
886 2623 1130 2688 evanescunt.'
1163 2617 1269 2690 Duae
1293 2616 1448 2686 laminae
1481 2621 1739 2712 aperitonaeo

156 2763 353 2845 formatae,
381 2751 447 2827 sub
472 2752 619 2824 nomine
644 2753 780 2826 alarum
811 2751 1076 2847 vespertilionis
1100 2753 1421 2844 compraehensus,
1454 2752 1558 2826 tubas
1580 2764 1735 2855 margini

15 2925 27 2970 :
158 2891 336 2972 amariori·
380 2897 418 2960 et
467 2885 641 2958 anteriori
691 2887 917 2982 adjungunt,
976 2887 1037 2959 hic
1086 2887 1219 2958 iterum
1266 2885 1456 2955 discedunt
1506 2897 1542 2957 et
1589 2892 1734 2970 utram.

10 3063 28 3106 ,ἵ
156 3055 228 3128 que
252 3021 367 3097 orarii
391 3019 619 3113 superficiem
655 3044 727 3114 qua
756 3021 969 3092 membrana
1002 3021 1203 3092 communis
1233 3019 1427 3096 obducunt.
1478 3011 1551 3092 Fer
1583 3021 1742 3106 laminas*
1847 3009 1852 3017 ι

10 3203 28 3250 ²,
153 3169 234 3244 511„
265 3141 351 3233 vasa
382 3155 596 3268 spermatico
630 3163 667 3224 st
697 3155 800 3228 nerei
840 3158 1019 3250 superiori
1053 3157 1260 3228 ovariorum
1291 3159 1388 3248 parti
1422 3157 1576 3250 adeunl3
1612 3169 1731 3240 orarii

18 3341 27 3384 ,·
149 3296 361 3394 ,extremitas
398 3289 550 3360 interior
581 3309 665 3358 cuna
694 3289 790 3359 uteri
826 3289 1036 3362 membrana
1075 3301 1243 3379 externa,
1280 3311 1302 3360 a
1333 3294 1546 3382 peritonaeo
1579 3297 1733 3396 oriente,'

12 3463 20 3474 ’
152 3447 191 3514 et
213 3455 297 3508 cnm
321 3423 517 3498 substansia
541 3422 616 3518 ejus
648 3423 841 3516 ligamento
872 3427 1167 3498 utero-orarius
1200 3424 1439 3520 conjungitur.
1489 3427 1619 3508 Fibras
1651 3437 1731 3516 illus

10 3621 27 3664 a,
153 3570 340 3648 cellulcsas
364 3571 419 3634 sat
442 3560 599 3652 insigues
622 3557 822 3628 funiculum
846 3558 1045 3631 formantes
1069 3563 1108 3632 in
1139 3560 1276 3640 infante
1303 3573 1386 3632 octo
1411 3565 1551 3636 (lienam
1589 3570 1726 3668 inveni,
1841 3639 1846 3648 .

150 3709 214 3782 nbi
246 3698 351 3774 simul
391 3705 571 3768 structura
607 3693 806 3768 resiculosa
842 3694 1049 3768 alariarum
1089 3697 1127 3766 in
1167 3698 1358 3788 superficie
1397 3721 1523 3768 eorum
1563 3725 1729 3800 convexa

152 3841 274 3918 oculos
299 3831 396 3906 ferit.
426 3829 646 3922 ¹Praecipue
669 3829 871 3922 ligamentis
895 3829 965 3903 illis
983 3831 1119 3904 -otaria
1149 3831 1188 3900 in
1213 3830 1415 3902 abdominis
1439 3853 1527 3908 caro
1553 3821 1726 3922 detinens
1824 3876 1828 3884 ·

22 4052 26 4060 Ι
148 3995 229 4070 ςῃη
253 3971 319 4046 etsi
336 3989 423 4044 raro
438 3965 529 4036 baec
545 3987 612 4058 per
625 3975 739 4040 totam
759 3967 870 4038 vitam
895 3966 1059 4060 exceptis
1075 3963 1290 4058 quibusdam
1305 3965 1445 4040 casibus
1459 3970 1661 4050 rarioribus
1685 3983 1725 4058 in

10 4071 27 4207 ⁷,
143 4109 340 4192 abdomine
371 4109 579 4188 remanent,
615 4101 725 4172 situm
754 4111 877 4174 umen
918 4101 1020 4172 illum
1052 4101 1267 4194 primarium
1306 4105 1354 4176 ad
1387 4107 1485 4177 renis
1504 4078 1721 4203 'marginem

10 4228 26 4252 a
144 4251 374 4328 inferiorem·
393 4259 540 4332 quoque
571 4234 787 4328 relinguunt
832 4237 879 4308 ln
912 4245 1041 4330 quarto
1076 4233 1149 4324 jam
1185 4239 1410 4330 graviditatis
1439 4261 1561 4310 mensa
1594 4250 1719 4320 oraria

17 4351 29 4386 '⁴
143 4384 277 4463 sensim
301 4377 508 4468 sensimque
530 4371 644 4464 magis
668 4369 794 4440 eadem
818 4370 858 4442 in
882 4373 943 4446 vie
974 4395 1016 4443 ac
1041 4371 1203 4442 testiculi
1220 4373 1464 4462 descendunt,
1496 4352 1608 4466 usque
1630 4382 1718 4473 pel.

22 4512 25 4520 ’
141 4526 198 4600 ris
221 4513 372 4592 minoris
397 4520 605 4606 aperturam
632 4527 775 4598 versus,
805 4516 841 4578 et
864 4507 1084 4610 in'utroque
1107 4508 1222 4580 latere
1242 4509 1413 4584 musculis
1437 4531 1546 4608 penes
1567 4511 1716 4594 incum-

141 4659 253 4756 ῥιπὶ,
278 4669 385 4748 quam
408 4645 516 4722 sitam
539 4646 579 4722 in
603 4641 768 4734 laturum
788 4664 875 4720 aare
902 4653 1043 4720 tautum
1066 4644 1287 4761 relinguunt.

745 4835 760 4874 1
1001 4757 1231 4870 lal-
