4390 5710
441 489 491 565 86
1143 498 1359 543 m

440 690 518 764 bini
544 711 591 758 ex
616 684 753 758 duabus
779 684 925 758 familiis
948 684 1097 772 rann,
1139 685 1177 755 in
1204 687 1334 779 quibus
1358 685 1460 780 penis
1493 683 1701 754 clitorideus
1734 694 1770 754 et
1803 683 1898 755 infra
1921 687 2018 758 inter

441 829 548 902 divisi
573 827 682 895 scroti
709 825 803 891 labia
829 825 1007 894 orificium
1033 822 1216 892 urethrale
1236 824 1570 915 conspiciebantur,
1602 833 1638 890 et
1663 824 1701 890 in
1724 821 1828 891 labiis
1848 822 2018 891 scrotali-

439 968 507 1038 bus
534 960 806 1053 corpusculum,
834 961 931 1050 quod
956 959 1057 1029 testis
1081 960 1259 1030 creditum
1285 959 1371 1050 snit,
1404 971 1502 1028 tactu
1527 957 1755 1049 exploratum
1780 969 1843 1027 est.
1895 957 2019 1046 Quin·

440 1115 530 1189 tum,
557 1100 654 1190 qnod
680 1108 716 1165 et
741 1100 819 1188 ipse
841 1098 1042 1166 accuratius
1067 1097 1256 1189 descripsit
1282 1096 1511 1164 Weitbrecht
1536 1108 1589 1166 est
1614 1093 1745 1163 filiolus
1767 1093 1888 1163 Caroli
1914 1091 2018 1188 Lang

440 1237 628 1319 tubicinis,
668 1233 729 1325 qni
763 1256 857 1325 pene
894 1233 931 1300 in
956 1231 1123 1323 glandem
1154 1237 1347 1301 terminato
1380 1235 1571 1301 instructus
1603 1241 1700 1318 erat,
1722 1230 1778 1298 ‚in
1804 1253 1874 1321 quo
1901 1229 2018 1299 sulcus

440 1378 528 1447 levis
552 1383 588 1440 et
613 1392 741 1439 coecus
765 1379 935 1438 exaratus
959 1380 1058 1455 crat,
1098 1369 1194 1439 inira
1225 1370 1293 1439 boc
1319 1369 1520 1437 membrum
1553 1367 1735 1457 utrimque
1773 1389 1895 1434 saccus
1919 1386 2017 1458 peu-

440 1510 570 1596 debat,
603 1506 664 1596 qni
690 1504 942 1596 corpusculum
973 1504 1218 1574 duriusculum
1252 1503 1459 1572 continebat
1501 1525 1569 1593 pro
1601 1503 1764 1574 testiculo
1797 1503 2015 1590 habendum,

439 1669 522 1716 curn
546 1643 677 1734 supino
703 1613 858 1732 corpore
883 1642 921 1707 in
947 1641 1094 1730 inguina
1120 1642 1382 1709 retrahebatur.
1435 1639 1601 1707 Didnctis
1618 1640 1781 1707 cruribus
1806 1651 1841 1706 et
1868 1638 2015 1707 sacculis

438 1783 619 1853 orificium
648 1777 683 1844 in
712 1777 830 1844 medio
863 1778 979 1864 patuit
1007 1779 1067 1844 rix
1099 1778 1266 1868 polluent
1301 1777 1444 1866 longum
1478 1787 1513 1842 et
1545 1775 1747 1864 ligamentis
1779 1776 1937 1844 cutaneis
1967 1774 2014 1844 ad

437 1918 533 1988 nacci
558 1912 791 1984 scrotilormis
817 1912 912 1978 labia
938 1913 1118 2002 utrimque
1143 1936 1336 1982 annexum·
1369 1976 1372 1988 ,
1466 1938 1474 1956 ·

535 2207 757 2294 Cheselden,
800 2203 961 2294 Douglas
994 2214 1031 2272 et
1071 2205 1225 2273 Persona
1263 2204 1469 2273 describunt
1510 2204 1843 2296 hermaphroditum
1884 2204 2013 2294 atrum,

436 2370 543 2442 quem
586 2345 805 2413 foemineum
847 2344 981 2412 dieunt.
1032 2341 1115 2409 Hoc
1159 2342 1311 2408 miserae
1343 2341 1561 2408 conditionis
1594 2345 1813 2435 mancipium
1854 2342 2013 2410 Loudini

434 2507 518 2556 anu.
549 2503 640 2571 tyno
667 2477 832 2568 genitalia
859 2476 1002 2567 publice
1027 2477 1249 2544 ostendebat.
1300 2478 1406 2544 Penrs
1431 2476 1661 2567 clitorideus,
1688 2479 1769 2547 licet
1796 2479 1890 2546 ultra
1916 2502 2011 2569 qua·

434 2632 516 2690 tuor
543 2617 673 2706 digitos
700 2614 928 2705 prominens,
954 2624 1075 2679 tamen
1109 2614 1305 2680 innumeris
1338 2635 1488 2702 rugosae
1521 2616 1613 2681 cutis
1636 2615 1738 2706 plicis
1763 2616 1814 2684 ita
1845 2616 2011 2684 obtectu!

431 2767 527 2844 erat,
555 2763 594 2821 ut
619 2749 670 2818 nil
693 2751 759 2818 nisi
784 2748 883 2840 glans
909 2747 1145 2837 imperlorata
1175 2749 1460 2838 conspiceretur,
1502 2763 1659 2818 scrotum
1692 2752 1731 2818 in
1765 2753 1852 2820 dnae
1885 2761 2006 2843 partes

430 2892 584 2961 divisum
610 2897 708 2971 erat,
749 2886 785 2949 in
821 2884 921 2968 cujus
953 2884 1084 2952 dextro
1122 2884 1236 2952 latere
1274 2908 1403 2975 corpus
1436 2886 1680 2954 duriusculum
1714 2888 1895 2956 detectum
1926 2888 2006 2977 suit,

429 3051 535 3121 quern
561 3036 688 3092 testern
714 3020 864 3112 putabat
898 3019 1118 3104 Cheselelen‚
1161 3021 1322 3087 orarium
1358 3042 1405 3086 ex
1440 3019 1630 3089 abdomine
1661 3037 1867 3113 protrusum
1896 3026 2005 3092 Don-

427 3165 521 3257 glas‚
546 3172 582 3230 et
607 3157 812 3248 glandulam
840 3158 1018 3245 quandam
1045 3157 1205 3225 inflatam
1232 3157 1361 3223 Slnane
1388 3156 1603 3246 arbitratum
1629 3157 1664 3225 in
1690 3159 1833 3227 sInistra
1858 3162 2003 3250 regione

426 3298 570 3367 mobilis
606 3306 725 3358 tumor
762 3292 799 3356 in
838 3293 985 3379 inguine
1014 3289 1203 3373 haerebat,
1248 3291 1340 3356 inter
1378 3293 1485 3358 scroti
1516 3291 1610 3359 labia
1650 3294 1857 3365 clitondeus
1890 3298 2003 3389 penio,

429 3455 533 3525 quem
560 3426 790 3520 praeputium
816 3424 954 3491 alanun
987 3425 1099 3492 instar
1130 3425 1484 3516 nymplraelormium
1518 3427 1650 3513 ambit,
1684 3439 1719 3495 et
1757 3431 1854 3502 inlra
1883 3435 2002 3507 hiatur

425 3569 545 3657 adest,
569 3562 667 3631 unde
693 3560 817 3648 urina,
843 3559 1043 3627 catanienia
1069 3582 1154 3630 vcro
1180 3559 1362 3653 bucusque
1384 3587 1570 3654 uunquam
1595 3561 1779 3635 etlluxere.

520 3856 686 3927 Satrator
711 3853 869 3924 blorand
896 3851 1111 3924 Michaelem
1139 3851 1280 3924 Annam
1307 3853 1471 3922 Drouart
1494 3855 1643 3926 Parisiis
1667 3869 1793 3928 natum
1818 3861 1856 3931 in
1880 3874 1999 3940 aetate

427 3995 471 4070 ιδ
498 4015 582 4064 ann.
608 3991 808 4080 descripsit.
860 3989 996 4059 l’enem
1027 4002 1199 4060 consueto
1231 3991 1278 4058 ad
1310 3989 1415 4081 pubis
1440 3994 1571 4060 ossium
1610 3996 1882 4067 commissuram
1916 4002 1995 4072 loco

420 4129 675 4224 integumentis
699 4127 859 4195 cutaneis
883 4126 1090 4197 investitum
1115 4137 1152 4194 et
1177 4124 1318 4194 duobus
1342 4127 1556 4220 corporibus
1579 4132 1785 4203 cavernosis
1810 4137 1997 4230 composi.

418 4283 496 4342 tum
521 4262 750 4352 ostendebat,
784 4274 820 4332 et
844 4263 1074 4356 praeputium
1100 4264 1183 4332 licet
1219 4263 1391 4332 velandae
1421 4262 1543 4356 glandi
1575 4264 1755 4336 sufficiens
1779 4281 1878 4341 retro
1905 4295 1994 4344 ean-

417 4409 501 4480 dem
526 4410 722 4476 retractum
746 4412 835 4471 erat.
883 4400 998 4471 Glans
1021 4399 1257 4492 imperforata
1288 4400 1377 4489 suit,
1413 4400 1496 4470 licet
1517 4401 1617 4470 sulco
1651 4406 1750 4494 quasi
1782 4407 1831 4476 ad
1856 4409 1993 4502 recipi-

418 4544 553 4613 endum
586 4537 772 4608 urethram
804 4539 990 4607 instructa.
1039 4538 1162 4608 Plicae
1192 4550 1366 4609 cutaneac
1396 4537 1489 4607 duae
1521 4536 1686 4609 fraenum
1718 4544 1995 4637 constituebant,

419 4679 514 4754 cuod
540 4695 671 4764 penem
697 4675 866 4743 deorsum
892 4675 1015 4745 traxit.
1063 4675 1173 4747 Panis
1206 4675 1466 4772 longitudinem
1489 4675 1617 4746 habuit
1642 4677 1798 4750 duorum
1819 4683 1993 4774 pollicum
