4390 5710
1684 459 1784 563 inq

195 667 311 766 cipue
330 664 367 738 ia
393 659 529 736 morbis
561 655 783 732 oslenlorum
809 653 1016 750 praesentis
1046 615 1189 726 erectis.
1210 709 1214 718 .
1232 650 1320 730 Non
1339 632 1614 734 minorantem
1634 659 1786 740 inerunt
1851 713 1858 745 s

203 803 420 896 degenerata
440 798 510 872 alia
532 793 737 892 systematis
753 791 907 868 asinarii
923 811 1061 886 organa
1088 799 1126 862 et
1141 797 1276 864 statum
1296 789 1591 870 inileramationis
1612 819 1785 896 progres-

205 961 265 1010 sae
283 937 344 1008 iric
364 959 509 1032 quoqne
528 932 725 1026 designant.
775 928 949 1002 Uretsres
971 927 1144 1000 adscensu
1158 927 1204 998 sd
1225 949 1332 1000 renes
1344 929 1581 1024 degeneratos
1596 937 1785 1012 ianorrna'-
1921 971 1945 1020 ·.

203 1072 286 1146 liter
302 1073 456 1160 dilatati,
469 1069 664 1166 praecipue
683 1067 807 1154 lstsris
825 1065 960 1138 sinistri
984 1061 1073 1154 ille„
1089 1062 1210 1136 multis
1224 1064 1326 1159 gyris
1343 1074 1382 1138 cl
1403 1067 1783 1150 circumvolutionibus

202 1209 454 1282 intestinorum
482 1198 593 1276 modo
620 1213 858 1298 serpentem,
901 1201 1123 1296 tandemque
1148 1200 1347 1294 euguniori
1381 1203 1560 1278 diametro
1599 1209 1783 1286 medianis
1909 1231 1914 1238 ·

176 1345 300 1444 ‘pelvi
319 1343 469 1418 rombus
487 1339 760 1436 implantsntur·
807 1338 893 1410 nea
910 1337 1042 1413 dexter
1058 1336 1165 1410 valdo
1185 1337 1312 1428 exilis,
1336 1341 1584 1434 maguitudino
1596 1339 1707 1418 {abac
1725 1359 1780 1423 sat

201 1481 413 1572 mediocris,
453 1479 682 1552 odismstrc
707 1475 1008 1570 antroposteriori
1041 1495 1294 1570 compressas,
1342 1475 1407 1550 vix
1444 1488 1609 1570 quartam
1639 1483 1783 1578 pollicis

193 1629 341 1716 partem
370 1615 611 1712 longitudine,
650 1589 813 1704 duasque
832 1611 995 1684 crassitie
1026 1609 1141 1706 lineas
1168 1611 1306 1707 attigit3
1338 1611 1537 1686 subtantia
1558 1614 1636 1706 ejus
1657 1629 1780 1696 autent

202 1779 276 1830 non
302 1754 457 1850 emplius
476 1751 514 1822 in
539 1746 644 1818 lobos
666 1745 853 1819 distinctos
876 1747 1011 1837 siena,
1037 1748 1100 1818 sed
1120 1749 1211 1820 satis
1230 1747 1426 1820 cohaerens
1448 1758 1484 1820 et
1506 1721 1781 1830 emniao'com
1828 1801 1838 1813 ·

200 1903 319 1990 pacta.
368 1889 411 1962 In
433 1907 522 1960 rene
542 1886 674 1956 dextro
693 1893 816 1990 autern
839 1881 1056 1959 obveniebat
1079 1884 1293 1960 deformitas
1321 1885 1499 1978 quaedum
1523 1889 1639 1984 magis
1663 1892 1781 1968 amus

201 2026 392 2120 singularis
420 2045 529 2118 qum
551 2022 774 2116 praecedens
792 2029 829 2090 et
850 2022 908 2090 nie
931 2021 1068 2092 sciente
1096 1992 1305 2114 ¹usquedum
1327 2021 1366 2092 in
1392 2019 1532 2092 intente
1545 1990 1673 2098 recens
1693 2037 1781 2102 nate

81 2224 88 2236 .
203 2163 364 2238 nondum
386 2154 597 2246 observato,
625 2175 842 2257 quamquam
866 2179 969 2229 cesus
988 2155 1051 2226 ills
1070 2155 1108 2226 in
1129 2151 1366 2244 cadaueribus
1379 2153 1585 2262 adultorum
1600 2180 1674 2234 non
1694 2181 1781 2238 rato

203 2300 436 2379 observatur,
473 2301 509 2362 et
533 2289 621 2360 mihi
642 2289 711 2382 ipsi
728 2287 800 2378 jem
823 2290 889 2360 sub
921 2291 1033 2362 variis
1058 2291 1187 2365 iorrai‘s
1210 2290 1356 2386 pluries·
1379 2291 1562 2388 conligitis
1586 2319 1673 2369 soro.
1722 2297 1781 2376 De

82 2511 87 2516 ,
202 2455 330 2508 renum
364 2427 585 2500 substantiae
621 2425 772 2519 phthysi
799 2436 862 2497 aut
883 2426 1084 2509 successive
1116 2425 1192 2519 ejq,
1215 2427 1467 2501 ,ommim
1494 2429 1782 2532 hymmum
1810 2439 1819 2452 x
1911 2405 1917 2418 ,

200 2548 435 2654 formatione,
461 2561 591 2647 labulis
612 2582 739 2636 renam
761 2561 1055 2658 primordialibus
1073 2563 1369 2656 respondentium
1384 2563 1447 2636 lain
1463 2563 1605 2660 loquor.
1654 2571 1782 2662 Qum.

202 2709 320 2802 doque
347 2723 478 2794 nempe
499 2695 768 2788 conuallem,
807 2675 1046 2794 aqtuterqae
1067 2693 1306 2791 quoqueren
1326 2699 1455 2775 morbo
1479 2703 1673 2796 chronico,
1705 2705 1781 2802 ley-
1813 2775 1822 2784 ,

203 2840 370 2938 dropesia
388 2835 503 2908 renali
519 2799 666 2906 landem
690 2833 742 2902 ita
756 2801 1019 2924 dissolvuntur,
1053 2844 1094 2903 nt
1112 2855 1205 2904 anus
1227 2833 1362 2906 alterve
1381 2833 1543 2926 labaim,
1576 2849 1639 2910 eat
1658 2838 1779 2934 plures

202 2979 325 3068 simul,
356 2970 555 3046 substantia
575 2975 806 3062 consumpte,
837 2969 876 3037 in
897 2967 1040 3058 tunica,
1064 2969 1261 3060 unicuique
1281 2967 1368 3042 iobo
1386 2973 1561 3066 propris,
1587 2973 1686 3046 'nibil
1710 2979 1780 3050 nisi

202 3135 334 3211 aquam
358 3121 421 3182 aut
447 3107 590 3178 uriam
610 3104 830 3176 contineant.
879 3101 958 3178 Etsi
980 3105 1193 3199 hydropisis
1228 3109 1326 3176 renis
1352 3105 1570 3201 quandoque
1588 3131 1674 3180 non,
1690 3115 1778 3183 nni·

186 3247 351 3334 ,veruna
370 3245 438 3334 sit,
463 3241 534 3316 alia
555 3249 680 3314 tamen
701 3238 920 3311 substantiae
945 3261 1034 3336 pora
1051 3238 1124 3336 jaan
1148 3241 1279 3310 iterum
1299 3239 1338 3312 in
1359 3239 1502 3314 lobulos
1526 3245 1778 3338 pnnortiatss

202 3385 356 3486 dispesci
375 3381 520 3474 incipit,
544 3379 618 3465 its,
641 3374 740 3448 ulia
763 3374 930 3468 ulteriori
951 3376 1049 3451 vitae
1069 3377 1340 3497 continuatione
1362 3388 1460 3450 totus
1484 3401 1550 3452 ren
1572 3383 1685 3454 unii
1705 3383 1778 3456 olle

201 3515 475 3604 nisi-reticulis
508 3509 804 3610 primordialibus
842 3507 1022 3610 consistat.
1072 3511 1176 3582 Talis
1201 3513 1271 3583 init
1298 3513 1337 3584 in
1366 3513 1504 3588 infante
1538 3515 1610 3586 boc
1645 3519 1777 3592 misero

198 3660 298 3738 renis
315 3651 451 3730 sinistri
470 3661 601 3740 natus,
624 3646 697 3744 jam
718 3670 741 3720 ι
760 3647 902 3742 primae
923 3643 1150 3717 formationis
1163 3657 1327 3740 tempore
1351 3651 1541 3724 eruendus.
1588 3649 1777 3726 Racsmo.

198 3819 279 3875 aum
304 3801 341 3881 et
362 3785 601 3866 vesiculosnm
629 3807 764 3880 corpus
791 3784 1002 3878 quoddam,
1045 3779 1147 3871 cujas
1170 3781 1357 3876 longitudo
1385 3796 1459 3858 tres
1483 3787 1624 3879 pollicis
1655 3765 1777 3883 partes

202 3931 421 4034 quadrantes
445 3922 584 4014 attingit
595 3891 620 4010 ,⁸
630 3922 727 3992 renis
744 3921 865 3992 locum
886 3927 1058 4013 occupat,
1083 3929 1120 3987 et
1138 3917 1235 4012 pelvi
1252 3941 1318 3989 sna
1334 3919 1450 3990 seneli
1473 3935 1653 4026 uretercm
1675 3925 1776 4018 ejus-

202 4073 287 4146 dem
305 4061 428 4138 latetis
459 4059 716 4152 degeneratam
750 4057 908 4128 assumit.
954 4053 1148 4130 Vesiculac
1178 4053 1277 4130 roais
1316 4053 1489 4132 delormis
1509 4081 1625 4152 seque
1646 4084 1688 4131 ao
1715 4061 1803 4136 lb.

198 4205 287 4278 teris
307 4199 519 4290 steriusque
538 4203 663 4266 meter
692 4192 869 4288 liquidum
891 4191 1112 4288 nubilatum,
1136 4191 1326 4286 limpidum
1348 4191 1599 4281 continebant,
1623 4195 1684 4266 sed
1704 4217 1774 4268 ve·

198 4339 333 4418 siculas
351 4332 460 4408 semel
484 4353 552 4426 per
571 4329 705 4425 pelvim
727 4339 941 4424 evacuatae,
966 4329 1133 4424 syphone
1154 4336 1218 4399 out
1237 4325 1329 4398 tabo
1350 4327 1506 4422 quodem
1521 4349 1595 4398 non
1621 4329 1775 4424 arnplins

199 4479 295 4552 clere
321 4483 360 4544 et
380 4470 547 4542 distincte
570 4467 690 4540 inllari
712 4477 919 4569 potuerunt.
970 4464 1072 4576 Quot
1094 4485 1201 4542 tenet
1228 4465 1512 4540 mcesmnriatos
1530 4463 1680 4560 atnam,
1711 4485 1775 4540 eos

199 4615 292 4688 bene
317 4603 549 4708 perfecteque
566 4603 739 4678 tornatos
758 4601 891 4682 iuveni.
