4390 5710
438 509 504 558 m
1110 479 1325 533 ‘ff‘

534 680 669 766 Uterru
707 684 801 752 inter
838 679 1024 772 genitalia,
1064 702 1155 770 quae
1189 680 1299 748 modo
1330 677 1525 770 descripsi,
1563 701 1697 769 organa
1729 680 1886 750 medium
1913 692 2010 754 tenet

439 819 575 911 locum,
622 823 660 889 in
697 819 812 912 pelvis
843 815 957 884 fundo
982 817 1109 884 haeret
1140 818 1187 886 ad
1212 817 1299 885 duas
1325 815 1469 884 circiter
1499 816 1624 884 tertias
1649 827 1769 907 partes
1799 818 2011 908 peritonaeo

439 957 627 1028 obductus.
680 955 784 1024 Haec
810 953 908 1022 euim
932 951 1142 1020 membrana
1168 953 1229 1022 ubi
1261 951 1467 1020 intestinum
1494 961 1633 1018 rectum
1660 953 1704 1018 ad
1731 954 1875 1022 tertium
1902 978 2015 1046 usque

441 1096 533 1164 sacri
560 1094 648 1162 ossis
671 1090 875 1160 vertebram
903 1089 1063 1179 spuriam
1089 1090 1259 1157 comitata
1285 1087 1373 1173 suit,
1413 1099 1516 1156 utero
1545 1087 1774 1174 insternitur,
1816 1088 1922 1176 hujus
1946 1114 2017 1162 uon

441 1241 582 1302 tantum
607 1208 844 1321 posteriorem
871 1225 934 1292 sed
960 1236 1005 1292 ee.
1018 1226 1244 1314 superiorem
1277 1224 1365 1314 quin
1391 1233 1426 1290 et
1451 1222 1670 1292 anteriorem
1696 1235 1835 1312 partem
1862 1227 2019 1314 investit,

444 1367 585 1456 ibique,
610 1364 672 1432 ubi
700 1361 819 1431 vesica
845 1360 1007 1428 urinaria
1033 1383 1115 1428 cum
1141 1363 1235 1428 uteri
1261 1362 1398 1430 cervice
1425 1369 1592 1427 concreta
1618 1368 1690 1445 est,
1723 1327 1924 1450 posteriora
1949 1363 2021 1432 hu-

443 1500 499 1593 jus
523 1497 740 1591 receptaculi
767 1499 877 1591 petit,
903 1496 1104 1588 eodemque
1130 1497 1286 1567 obducto
1313 1495 1351 1566 in
1375 1479 1553 1588 parietem
1579 1493 1780 1566 abdominis
1804 1498 2022 1573 anteriorem

447 1635 692 1709 continuatur·

548 1936 653 2009 Uteri
691 1956 823 2027 corpus
854 1932 1007 2003 formant
1048 1934 1194 2002 ommno
1227 1932 1323 2000 uteri
1355 1929 1493 2024 gravidi
1527 1927 1658 2017 refert,
1704 1927 1789 1998 hinc
1824 1939 1860 1998 et
1893 1931 2032 2010 canalia,

448 2074 603 2144 'cervicis
629 2075 722 2141 uteri
749 2072 808 2140 hic
829 2071 1079 2159 desideratur,
1121 2071 1183 2138 sed
1210 2079 1245 2137 et
1271 2068 1364 2136 uteri
1391 2089 1518 2134 cavum
1553 2066 1726 2155 paulatim
1751 2091 1787 2135 se
1819 2069 2036 2148 cortrabenss

451 2211 596 2278 tandem
624 2211 661 2277 iu
688 2210 781 2278 uteri
807 2207 986 2274 orificium
1019 2205 1252 2293 terminatur,
1293 2204 1390 2294 quod
1422 2207 1550 2292 vagina
1577 2213 1611 2269 et
1650 2201 1795 2292 quidem
1827 2197 2027 2293 posteriora

451 2345 625 2437 vaginulis
656 2343 834 2434 ampullae
867 2343 1035 2433 portione
1071 2342 1228 2410 cinctum
1254 2341 1292 2408 in
1325 2341 1457 2408 dictam
1484 2325 1699 2431 ampullam,
1739 2351 1865 2431 aperto
1899 2333 2027 2412 ostiolo

455 2482 617 2571 aperitur
643 2481 711 2568 ita,
736 2489 777 2547 ut
802 2479 951 2549 uretbra
977 2500 1086 2570 supra
1111 2478 1207 2546 idem
1236 2477 1366 2544 ostium
1392 2475 1484 2563 hiet,
1512 2473 1624 2543 etuti
1650 2473 1720 2561 jam
1747 2476 1915 2564 memini,
1943 2477 2028 2546 lotio

455 2615 660 2710 profluente
694 2615 785 2684 uteri
819 2638 858 2682 os
889 2613 1074 2703 irrigetur.
1122 2612 1265 2681 Textus
1295 2611 1390 2679 uteri
1416 2609 1661 2681 membranam
1692 2610 1802 2680 refert
1835 2614 2032 2686 coriaccam

457 2753 604 2826 densam
631 2752 716 2820 licet
747 2773 821 2818 non
854 2770 1019 2817 crassam.
1070 2747 1213 2840 Corpus
1245 2745 1421 2834 ejusdem,
1461 2747 1557 2836 quod
1590 2748 1800 2838 peritonaeo
1835 2747 2031 2820 involutum

456 2887 495 2958 iu
520 2910 647 2958 cavum
672 2885 833 2956 ascendit
856 2882 961 2971 hujus
988 2869 1100 2972 sacci,
1125 2883 1269 2951 tenuius
1295 2880 1367 2970 est,
1408 2881 1636 2953 condensatis
1662 2893 1783 2952 autem
1815 2881 1951 2951 cellulis
1975 2887 2034 2956 in-

461 2995 662 3113 crassescit‚
688 3022 751 3094 ubi
776 3022 927 3091 inferior
953 3019 1047 3088 uteri
1073 3019 1195 3112 portio
1221 3017 1360 3088 vesicae
1385 3039 1459 3086 non
1487 3017 1658 3086 adhaeret
1682 3018 1809 3105 modo,
1836 3019 1897 3086 sed
1919 3021 2034 3094 eidem

460 3161 567 3254 plane
592 3161 758 3229 nectitur.
808 3156 976 3246 Denique
999 3154 1125 3223 ultima
1149 3153 1243 3222 uteri
1268 3153 1390 3244 portio
1411 3152 1448 3220 in
1473 3152 1625 3244 vaginae
1650 3153 1844 3244 ampullam
1868 3154 2036 3227 immersa

464 3297 733 3386 cartilagineam
759 3292 928 3362 duritiem
955 3291 1201 3358 nansciscitur.
1254 3287 1339 3356 Nun
1362 3287 1431 3358 nisi
1463 3290 1552 3359 duas
1578 3284 1672 3356 ultra
1696 3289 1789 3357 uteri
1815 3288 1925 3358 lineas
1951 3313 2036 3359 cer-

463 3433 527 3503 vix
552 3431 711 3520 ejusdcm
737 3430 775 3496 in
801 3425 962 3494 canalem
990 3425 1063 3490 coit
1086 3421 1233 3494 brevem
1259 3447 1345 3497 mox
1370 3423 1436 3496 sub
1463 3425 1630 3496 urethrae
1655 3428 1849 3498 rotundato
1877 3435 1913 3496 et
1938 3430 2037 3520 quasi

465 3545 612 3662 oblique
635 3573 802 3637 truncato
828 3559 920 3632 ostio
945 3560 1186 3630 terminatum.

566 3861 672 3937 Uteri
697 3867 827 3935 ostium
854 3885 926 3932 non
957 3859 1009 3930 ita
1039 3857 1242 3932 tumefactis
1268 3885 1309 3930 ac
1334 3861 1370 3928 in
1397 3858 1567 3952 virgineis
1598 3855 1809 3948 genitalibus
1842 3867 1879 3926 et
1911 3827 2041 3930 clausis

470 4003 609 4094 sibique
640 3999 927 4070 incumbentibus
961 3999 1182 4088 conspicitur
1217 3995 1328 4065 labris
1360 3997 1421 4064 sed
1456 3994 1650 4063 orbiculari
1683 3993 1842 4084 margine
1876 4008 2043 4087 apertum

474 4140 629 4231 cingitur
653 4139 784 4207 ostium
814 4136 886 4220 ita,
913 4146 962 4204 ut¹
979 4133 1148 4224 gravidae
1174 4133 1334 4201 mulieris
1359 4134 1455 4201 uteri
1481 4157 1520 4200 os
1544 4131 1733 4198 imminuto
1759 4129 1911 4220 partium
1936 4107 2046 4221 peri·

471 4285 588 4346 metro
614 4285 741 4344 exacte
766 4271 909 4342 referat.
961 4271 1026 4337 Est
1051 4291 1181 4358 nempe
1206 4268 1357 4340 inferius
1385 4279 1421 4336 et
1445 4268 1622 4358 posterius
1638 4265 1769 4334 oriiicii
1794 4263 1887 4333 uteri
1910 4263 2049 4336 labium

474 4412 578 4483 altius
603 4411 641 4479 in
666 4407 832 4499 vaginam
859 4417 1066 4499 protrusum
1094 4421 1220 4494 quam,
1248 4406 1343 4495 quod
1371 4405 1421 4473 ita
1448 4405 1598 4489 dicitur,
1624 4401 1811 4494 superius,
1837 4401 1933 4492 quod
1957 4423 2051 4470 rer-

475 4574 536 4621 sus
561 4547 655 4615 uteri
681 4549 812 4636 corpus
837 4543 1033 4613 retractum
1059 4539 1193 4632 duplici
1220 4541 1320 4639 quasi
1344 4543 1441 4635 plica
1463 4541 1500 4609 in
1528 4538 1657 4608 ostium
1684 4537 1794 4609 modo
1820 4537 1954 4610 dictum
1979 4538 2054 4607 de-

478 4682 616 4753 biscere
642 4669 810 4750 cernitur.
