4334 5716
536 1563 1462 1744 Introductia²

168 2099 343 2234 Forma
372 2145 579 2231 normalis
608 2142 775 2256 ubique
802 2087 1018 2260 perholla,
1060 2135 1290 2255 sublimis„
1315 2110 1445 2257 ¹quod
1480 2111 1590 2262 pari
1612 2177 1744 2268 passu
1879 2227 1882 2234 Δ

171 2380 262 2444 tam
289 2358 337 2478 io
365 2339 457 2440 arte
486 2385 618 2470 quam
646 2357 693 2438 in
721 2380 877 2462 ¹natura
914 2384 1005 2440 sese
1033 2352 1299 2460 manifestam
1337 2357 1413 2442 sed
1441 2388 1523 2444 nec
1551 2365 1633 2479 arti
1663 2391 1746 2449 neo
1827 2471 1831 2478 ,
1953 2443 1958 2450 .

168 2589 348 2656 nattuae
378 2597 549 2682 semper
576 2566 791 2678 regulares
828 2567 1069 2684 producere
1099 2564 1258 2653 forrnas
1295 2552 1520 2683 contingit.
1609 2572 1744 2674 Casus

169 2813 297 2900 saepe
337 2781 483 2866 nisum
523 2783 752 2896 utriusque
787 2779 1002 2869 laboriose
1038 2803 1308 2870 commotum
1342 2783 1398 2867 od
1434 2804 1595 2869 metam
1630 2785 1746 2872 banc

167 2993 399 3080 sublimem
429 2991 725 3098 attingendam
752 2991 951 3102 frustrat3
996 2997 1131 3078 immo
1161 2997 1208 3077 in
1235 2989 1431 3078 favorem
1456 2997 1631 3080 illarum
1659 2996 1745 3082 for·

167 3233 284 3292 rttam
322 3196 600 3310 irregularem
641 3197 709 3277 uti
750 3197 1074 3310 oppositionem
1108 3199 1298 3282 excelsae
1331 3199 1671 3314 pulchritudinis
1701 3229 1746 3296 et
1877 3267 1880 3280 .

168 3416 396 3532 symetriae
426 3409 570 3496 studio
600 3433 828 3524 procreare
864 3405 1059 3518 videtur,
1100 3413 1151 3494 ut
1187 3437 1239 3493 eo
1276 3409 1519 3498 distinctius
1556 3415 1744 3532 splendi.

168 3633 353 3744 diusque
381 3624 553 3710 illamm
591 3595 774 3705 solertia
796 3617 1014 3734 effulgeat
1071 3621 1240 3708 Natura
1271 3605 1425 3710 'omnia
1458 3627 1506 3708 in
1543 3633 1665 3713 omni
1685 3636 1745 3720 'et

113 3887 115 3892 ·
169 3840 461 3928 diversissimis
489 3831 629 3918 modis
657 3853 850 3948 repetere
878 3853 1029 3926 tentat,

196 4215 208 4238 ,
249 4149 415 4258 'Origo
444 4141 726 4234 deformitatis
756 4167 808 4235 ut
834 4177 936 4233 cum
964 4175 1140 4233 excessu
1183 4147 1243 4231 sic
1272 4123 1374 4230 cim
1409 4139 1582 4236 defectu
1612 4141 1741 4270 saepe

169 4329 261 4450 non
289 4389 343 4445 ex
371 4389 499 4480 causa
529 4345 1125 4476 occasionali,'generatiortis
1148 4361 1219 4446 vel
1248 4358 1515 4473 graviditatis
1544 4379 1741 4482 tempore

171 4565 342 4692 agente,
371 4571 606 4692 repetenda
641 4593 726 4684 est,
758 4573 831 4659 sed
859 4577 1008 4692 potius
1035 4579 1124 4678 jam
1152 4603 1239 4690 qua
1267 4573 1492 4692 dispositio
1520 4557 1739 4690 prioribus

231 4875 237 4911 .
845 4863 851 4872 -
968 4761 1108 4900 ·(ι>“
