4334 5716
387 565 521 644 inmo
554 553 723 637 familiis
760 547 977 652 inhaeret;
1008 543 1189 632 familias
1246 545 1561 656 triorchidum,
1622 569 1833 638 cataracta
1861 554 1960 642 haa-
2008 550 2012 558 ’

388 776 586 857 reditaria
614 769 918 870 laborantium,
948 793 1020 847 sex
1052 763 1195 873 digitis
1219 760 1419 877 perfectis
1437 766 1746 849 instructorum
1776 772 1962 885 exempli

391 990 523 1106 gratia
551 984 701 1066 lectori
732 985 776 1061 in
807 981 1057 1060 memoriam
1088 1005 1259 1063 revoco,
1321 978 1412 1059 Nec
1442 975 1737 1089 infrequenter
1766 986 1885 1094 origo
1916 986 1963 1066 in

390 1203 529 1314 prima
559 1163 826 1278 formationis
870 1189 1051 1305 periodo
1093 1189 1315 1273 casibusve
1350 1187 1537 1273 fortuitis
1566 1193 1610 1272 in
1649 1215 1829 1277 matrem
1858 1219 1964 1282 tem·

391 1440 497 1527 pore
527 1407 789 1492 evolationis
820 1403 1068 1513 embryonis
1107 1403 1333 1514 agentibus
1364 1406 1444 1486 sita
1482 1424 1558 1489 est.
1612 1409 1752 1488 Immo
1789 1411 1837 1488 in
1874 1412 1968 1522 ipsa

393 1621 536 1706 foetus
580 1619 835 1703 inerementi
876 1615 1058 1730 periodo
1101 1613 1435 1698 deformationes
1470 1618 1517 1696 in
1556 1618 1630 1698 illo
1671 1624 1771 1700 oriri
1818 1649 1968 1735 posse,

393 1863 523 1918 neruo
564 1831 763 1942 negabit,
810 1832 876 1910 uti
917 1847 1019 1912 sunt
1057 1831 1159 1910 navi
1193 1831 1375 1912 materni
1409 1833 1456 1911 in
1491 1851 1608 1934 cute,
1666 1832 1969 1946 dispositiones

393 2046 621 2131 morbosae
651 2064 694 2126 et
723 2046 805 2158 ipsi
836 2041 977 2124 morbi
1007 2046 1071 2124 uti
1102 2043 1325 2158 epylepsia
1354 2064 1433 2127 etc·
1493 2047 1615 2127 Cutis
1633 2050 1746 2128 aetio
1774 2050 1820 2126 in
1849 2044 1971 2128 foetu

394 2261 626 2375 praecipue
655 2255 900 2372 praevalet;
946 2259 1252 2339 intestinorum
1281 2260 1398 2338 enirn
1433 2261 1479 2338 in
1519 2288 1700 2372 corpore
1740 2256 1973 2342 nutriendo

395 2471 563 2579 vicibus
594 2467 802 2580 fungitur.
854 2470 973 2550 Haec
1006 2470 1170 2581 quippe
1189 2498 1235 2550 se
1263 2469 1506 2552 evolvendo
1539 2493 1749 2586 occupata
1784 2492 1974 2554 coeterae

399 2685 679 2768 oeconomiae
709 2681 921 2765 desuetis
950 2680 1179 2795 providere
1218 2682 1416 2765 nondum
1452 2707 1647 2798 possunt.
1710 2689 1822 2769 Cum
1868 2712 1974 2768 vero

401 2895 584 3011 quodvis
616 2903 829 3008 organonf,
862 2923 950 3006 quo
981 2891 1576 3005 gravioribusfunctionibus
1607 2895 1782 3013 praesit,
1813 2929 1863 2980 co
1896 2889 2000 2979 fre-¹

400 3109 700 3222 quention'bus
731 3111 786 3191 sit
817 3108 1058 3190 obnoxium
1090 3105 1283 3204 morbis,
1321 3109 1424 3186 hinc
1456 3127 1499 3186 et
1529 3111 1636 3188 cutis
1669 3105 1834 3194 facilius
1864 3112 1976 3194 male

403 3311 601 3403 afficitur.
