4334 5716
823 451 1339 548 m.
1615 452 1731 546 'ss

154 636 330 755 antusia
353 685 428 748 tam
449 621 570 750 lorma
595 693 705 766 qnam
735 679 916 752 mumma
945 644 1038 743 sunt.
1081 665 1404 758 Quemadmodum
1428 665 1467 738 in
1490 669 1609 764 prima
1634 680 1729 766 pso.
1769 712 1778 722 .
1827 639 1840 652 ⁶

154 813 324 886 ductione
350 809 496 884 ammali
519 810 691 904 genitalia
716 819 753 878 et
775 807 945 898 intestina
968 805 1131 897 noudum
1156 804 1347 900 differunt,
1371 807 1423 880 ita
1447 807 1618 900 genitalia
1641 807 1726 902 pri·=
1847 899 1853 914 Ι
1963 863 1969 892 ,

148 951 276 1024 mitiva
300 947 468 1018 altiorum
504 945 713 1018 animalium
746 965 890 1038 quoque
922 942 1030 1014 simili
1059 941 1169 1020 modo
1199 941 1328 1036 primis
1354 939 1578 1038 temporibus
1610 965 1726 1044 aeque

149 1067 387 1158 acintestina
410 1081 600 1156 nutritioni
625 1080 834 1175 embryonis
865 1078 1085 1169 inserviunt,
1124 1089 1163 1150 et
1193 1079 1356 1150 noudum
1387 1077 1427 1148 in
1458 1078 1656 1150 masculina
1688 1089 1725 1150 et
1787 1168 1793 1176 ι

141 1220 350 1292 foeminina.
372 1217 657 1310 distinguuntur,
696 1211 759 1286 se'd
791 1227 986 1308 utrumque
1026 1239 1139 1287 unum
1179 1187 1350 1309 idemque
1379 1216 1434 1285 uti
1469 1213 1507 1282 in
1526 1213 1725 1300 ¹molluscis

143 1355 327 1450 acephalis
358 1366 394 1426 et
425 1353 503 1423 aliis
529 1348 744 1424 animalibus
776 1347 862 1420 huic
901 1352 1110 1446 embryonis
1143 1331 1338 1428 evolvendi
1365 1349 1482 1422 stadio
1514 1347 1726 1442 aequalibus

142 1503 329 1586 apparent
403 1489 501 1562 Dein
539 1487 712 1580 genitalia
742 1509 829 1558 mox
875 1487 967 1557 adeo
999 1485 1217 1581 alterantur,
1250 1451 1301 1558 iii
1338 1485 1528 1556 nutritioni
1560 1488 1724 1580 corporis

142 1627 216 1699 non
241 1626 395 1721 amplius
420 1623 631 1720 prospicere
653 1623 811 1719 possint;
845 1623 890 1694 ab
911 1617 1073 1718 'utroque
1099 1625 1195 1696 enim
1221 1625 1335 1696 latero
1366 1623 1418 1698 its
1442 1621 1649 1726 discedunt,
1680 1631 1724 1694 ut

139 1765 253 1836 altera
284 1785 371 1857 pars
399 1761 561 1856 priorem
593 1758 748 1830 sormam
780 1759 895 1852 magis
926 1773 1114 1834 conservet
1146 1771 1183 1831 et
1208 1759 1360 1834 ulterius
1392 1757 1555 1848 excolat,
1605 1757 1725 1830 altera
1830 1743 1857 1790 ⁵·
1931 1745 1935 1752 ⁶

135 1913 259 1972 autem
289 1897 622 1992 magis‘magisque
653 1892 904 2002 contractione,
932 1893 1023 1966 adeo
1054 1905 1232 1990 mutetur,
1270 1907 1312 1968 ut
1342 1895 1465 1990 potins
1493 1893 1621 1967 ductus
1645 1916 1720 1965 an-

134 2035 354 2132 gustissimos
379 2033 630 2128 glandulsrum
655 2029 808 2119 referat,
841 2052 949 2122 quam
971 2033 1143 2104 intestina
1167 2035 1256 2104 cibis
1278 2033 1417 2128 pervio.
1468 2029 1722 2121 Quemadmo-

135 2171 222 2242 dum
254 2176 342 2262 erg'o
375 2165 544 2262 genitalia
575 2163 775 2236 foeminina
808 2165 922 2256 magis
960 2169 1147 2238 contracta
1190 2179 1274 2242 sunt
1303 2189 1412 2262 quam
1438 2167 1625 2259 intestina,
1664 2169 1719 2241 sie
1755 2225 1788 2254 Δ.
1885 2155 1889 2162 ’

131 2307 242 2378 etiam
265 2303 463 2374 masculina
488 2297 659 2393 genitalia
684 2299 888 2370 foemininis
911 2303 1153 2374 contractiora
1179 2303 1428 2378 observantur.
1478 2298 1599 2376 Altior
1620 2327 1716 2400 per·
1835 2281 1839 2292 ’

129 2441 331 2530 lentiorque
354 2429 512 2508 evoldtio
550 2433 761 2528 genitalium
792 2437 980 2528 utriusque
1010 2439 1122 2508 a'exirs'
1150 2438 1462 2510 etintestinorum
1493 2441 1576 2534 pari
1603 2444 1715 2536 paean

128 2549 382 2676 progreditur,
409 2582 446 2642 et
471 2571 563 2641 miro
587 2571 743 2663 quodam
769 2571 878 2642 modo
902 2553 1001 2644 inter
1026 2595 1064 2643 se
1089 2577 1267 2650 contenit.
1318 2575 1383 2646 Uti
1410 2576 1539 2648 antem'
1554 2577 1599 2649 in
1619 2578 1715 2658 croi

126 2717 265 2790 latione
292 2709 402 2782 totius
425 2707 592 2778 animalis
621 2706 729 2776 seriei
760 2725 896 2800 organa
928 2709 1138 2800 digestionis
1169 2711 1541 2804 reprodnctionisque
1566 2713 1711 2790 rudivi-t

126 2851 243 2924 dualis
267 2844 465 2942 generatim
490 2867 604 2934 aeque
628 2867 670 2912 ac
695 2841 735 2912 in
766 2843 925 2916 humano
959 2817 1158 2937 embryone
1181 2854 1220 2914 et
1243 2843 1505 2944 ιιιιιιιιιιιιιιιιιιιιΙ
1518 2825 1707 2942 speciatim

128 2987 256 3058 eodem
281 2981 357 3050 sere
382 2988 417 3046 et
443 2977 585 3074 aequali
618 2986 783 3068 tempore
814 2979 967 3072 parique
1000 3001 1144 3074 semper
1174 3004 1283 3074 passu
1316 2981 1557 3092 evolvuntur,
1595 3013 1704 3084 quam

125 3141 262 3214 organa
290 3111 581 3206 reproductionio
609 3109 800 3199 genericae
837 3131 900 3182 seu
931 3111 1122 3204 genitalia,
1167 3115 1219 3184 ita
1252 3113 1397 3210 guoque
1432 3117 1603 3192 alienatio
1639 3149 1704 3204 seu

120 3251 332 3354 depravatio
357 3253 456 3318 nisus
478 3242 663 3315 formativi
687 3242 726 3312 in
750 3241 959 3331 embryonis
982 3242 1164 3317 formandi
1187 3249 1318 3342 primis
1337 3245 1464 3322 endiis
1487 3277 1564 3326 non
1586 3259 1704 3341 solum

120 3387 371 3466 deformitates
393 3381 645 3454 intestinorum
669 3377 733 3450 sed
759 3387 796 3447 et
815 3379 1028 3472 genitalium
1060 3379 1214 3472 efficiet,
1245 3405 1338 3478 quae
1362 3385 1400 3456 in
1433 3399 1591 3484 utroque
1615 3419 1704 3492 sys-

119 3535 253 3603 temate
283 3529 385 3592 tanto
415 3514 569 3608 majores
599 3513 858 3610 gravioresque
892 3537 1035 3612 semper
1066 3529 1191 3611 erunt,
1231 3543 1302 3615 quo
1334 3521 1494 3618 partium
1526 3522 1698 3610 formatio

118 3681 316 3752 earumque
333 3653 505 3754 ,evolutio
538 3651 766 3746 conceptioni
798 3649 916 3754 adhuc
942 3653 1111 3750 propior
1142 3656 1209 3749 sit,
1248 3667 1285 3730 et
1316 3657 1520 3734 formentur
1550 3669 1700 3748 ratione

118 3800 277 3872 desectus
309 3791 366 3864 vel
398 3813 566 3862 excessus
598 3809 818 3880 organorum
857 3809 965 3862 sexus
990 3791 1065 3862 ἰιιι
1095 3786 1384 3887 hermaphroditi
1415 3806 1477 3868 aut
1509 3801 1695 3896 aphroditi
1770 3757 1774 3765 Ι

116 3915 247 4008 diversi
254 3929 423 4040 gradus,
462 3926 541 3998 veri
565 3925 624 3999 vel
646 3925 779 4020 spurii,
819 3923 975 4049 perlecti
1006 3927 1064 4000 vel
1100 3925 1323 4020 imperfecti,
1362 3929 1602 4050 plerumque·
1607 3967 1691 4020 cum

112 4070 326 4144 simultanea
351 4060 484 4136 canalis
509 4059 721 4134 intestinalis
744 4053 808 4134 sut
838 4085 1058 4160 organorum
1080 4048 1284 4162 systematis
1308 4065 1463 4140 ruinarii
1491 4073 1692 4169 adjacentis

112 4207 321 4282 mutatione.

206 4451 304 4574 uim
328 4443 576 4592 delormitatas
607 4454 828 4598 organorum
857 4523 953 4596 aro·
971 4441 1010 4575 et
1013 4458 1254 4611 spermate-
1260 4479 1526 4626 poeticorum
1512 4479 1552 4578 in
1578 4455 1695 4588 altine.

109 4640 206 4715 ribus
231 4594 491 4742 animantibus,
515 4635 603 4756 guid
629 4636 729 4712 aliud
736 4647 857 4762 eunt,
897 4641 967 4736 nisi
974 4585 1137 4766 iormao
1168 4642 1223 4748 ιιι
1251 4600 1438 4768 geperalis
1458 4641 1680 4743 formatrici)

899 4775 979 4872 (ὅ)
