4390 5710
421 485 520 581 aas
1129 482 1347 542 war

454 685 612 781 ncipit,
645 684 682 768 et
707 669 791 744 dein
816 671 960 761 quoque
985 689 1089 770 ueras
1119 666 1280 756 firrrbrjas
1302 668 1503 758 aemulans,
1536 682 1710 770 apertura
1731 676 1886 746 naturali
1912 673 2022 747 deni.

453 841 550 912 tutas
576 813 718 907 desinit.
768 804 833 878 Ast
858 803 1064 896 quoque-in
1089 803 1158 872 boc
1192 804 1386 897 ligamento
1412 807 1546 876 fibroso
1574 808 1666 877 inter
1693 812 1857 882 orarium
1883 823 1919 882 et
1942 825 2023 882 ute-

454 989 537 1044 rum
570 950 717 1027 obvenit
750 965 870 1016 osseus
907 951 1062 1008 tesserae
1100 941 1346 1033 magnitudine
1379 952 1415 1010 et
1446 941 1563 1012 sorma
1593 953 1733 1042 tumor,
1772 949 1832 1037 qui
1867 950 1967 1040 quasi
1990 950 2050 1020 in

451 1097 612 1180 funiculo
637 1083 789 1183 proprio
816 1080 950 1150 fibroso
976 1089 1012 1145 et
1043 1077 1199 1146 rotundo
1234 1097 1280 1146 ex
1303 1077 1396 1146 uteri
1423 1078 1618 1182 substantia
1651 1083 1821 1154 continuo
1846 1039 2026 1182 haerebat,

355 1223 365 1230 ’
453 1253 491 1315 et
514 1239 610 1310 intus
637 1243 781 1319 quoque
808 1237 962 1288 massam
986 1212 1175 1290 calcariam
1200 1213 1416 1284 continebat.
1466 1280 1475 1290 ,

553 1514 591 1608 6)
615 1507 731 1600 Virgo
763 1496 983 1598 praenobilis
1015 1494 1119 1572 Anna
1151 1498 1265 1571 libera
1299 1499 1384 1573 aa
1416 1499 1464 1573 N.
1492 1509 1575 1569 nata
1597 1446 1692 1576 ¹rum.
1722 1524 1833 1595 appa,
1858 1525 1953 1572 anno
1980 1503 2022 1573 ad

452 1655 579 1734 aetatis
603 1671 688 1722 suae
720 1649 870 1737 peracto
903 1648 1067 1708 emortua
1096 1635 1264 1728 plrtlryri,
1307 1638 1427 1730 puella
1458 1636 1636 1728 formosa,
1673 1629 1824 1710 statura¹
1842 1640 2023 1729 mediocri,

454 1788 617 1887 corporis
648 1782 777 1853 habitu
809 1795 962 1870 procero
995 1783 1032 1840 et
1061 1795 1230 1862 amoeno„
1269 1771 1313 1864 ab
1347 1774 1499 1846 infantia
1530 1775 1651 1844 multis
1681 1775 1816 1846 morbis
1847 1775 2021 1865 inlestata,

451 1949 637 2019 nunquam
663 1926 844 1990 menstrua
869 1908 1013 1998 habuit,
1045 1909 1109 1978 etsi
1134 1920 1190 1978 sat
1214 1908 1427 2001 regulariter
1450 1910 1636 2002 molimina
1662 1913 1919 2003 conaminaque
1946 1919 2023 1979 orta

450 2066 607 2151 fuerint,
645 2067 682 2126 et
714 2051 843 2122 abhinc
879 2045 941 2114 illa
971 2068 1147 2138 persaepe
1178 2045 1320 2116 dolores
1353 2045 1487 2119 cientes
1517 2046 1765 2138 cruciatusque
1791 2047 2023 2140 perpessa-113

448 2204 534 2275 dein
559 2193 707 2269 clorosis
725 2186 777 2258 illi
803 2183 1028 2277 supervenit,
1061 2183 1195 2274 vixque
1229 2180 1458 2274 aliquomodo
1484 2177 1686 2252 restitutam
1710 2181 1829 2252 multis
1854 2195 1889 2254 et
1914 2181 2021 2254 variis

449 2329 748 2413 medicaminibus
779 2324 958 2412 longaque
984 2339 1090 2390 cura:
1130 2340 1218 2386 mox
1236 2318 1537 2410 peripneumonia
1560 2345 1582 2388 a
1605 2318 1697 2387 saltu
1725 2321 1892 2390 ardenter
1917 2339 2019 2388 ama..-

449 2490 507 2567 to,
531 2468 793 2566 repentinaque
817 2455 1091 2548 refrigeratione
1118 2463 1197 2520 orta
1223 2452 1519 2544 subsequebatur,
1546 2476 1652 2546 qnam
1678 2456 1819 2526 demum
1847 2446 2020 2552 plrtlrysis',

445 2617 518 2709 jam
544 2605 753 2699 dispositam
781 2591 929 2678 clorosi,
963 2586 1117 2658 necavit.
1169 2585 1293 2658 Mater.
1313 2611 1370 2658 me
1396 2593 1554 2683 rogavit,
1591 2601 1630 2659 ut
1661 2591 2019 2682 inquireremmen·

447 2743 653 2824 structionis
676 2746 841 2808 retunsae
866 2748 998 2796 causus.

542 3020 693 3102 Viventi
719 3023 797 3086 erat
820 3033 894 3085 vox
925 3007 1111 3097 baritana,
1142 3023 1249 3076 rauca
1282 3008 1498 3100 quandoque
1530 3019 1566 3080 et
1592 3010 1638 3080 ad
1663 3010 1803 3100 virilem
1829 3010 2018 3098 accedens3

441 3158 705 3268 protuberabat
739 3152 843 3223 solito
879 3146 991 3238 magis
1031 3146 1070 3212 in
1109 3142 1200 3212 collo
1232 3144 1382 3236 larynx3
1429 3148 1474 3214 ad
1504 3157 1629 3236 pectus
1663 3147 1813 3216 haesere
1843 3167 2019 3216 mammae

441 3298 701 3401 perpulchrae,
736 3289 974 3370 soriorantes,
1009 3280 1151 3350 areolae
1184 3289 1219 3348 et
1249 3282 1405 3373 papillae
1437 3281 1626 3352 normales.
1675 3281 1863 3372 Thorax„
1890 3279 2017 3375 hypo-

442 3435 638 3519 chondria,
679 3425 875 3508 abdomen,
915 3417 1128 3486 coxendices
1157 3425 1195 3484 et
1224 3415 1394 3508 genitalia
1424 3427 1575 3486 externa
1600 3418 1796 3488 foeminam
1819 3417 2018 3511 perlectam

439 3577 682 3668 designavere.
731 3558 840 3628 Mons
865 3552 1005 3625 veneris
1030 3551 1143 3620 multo
1171 3553 1315 3644 quidem
1342 3553 1460 3646 adipe,
1484 3554 1657 3622 cincinnis
1684 3566 1803 3624 autem
1826 3553 1904 3624 sere
1929 3555 2016 3628 nul-

438 3716 499 3800 lis,
524 3704 695 3794 lanugine
720 3706 880 3779 rantum,
920 3687 1191 3781 pubescentium
1222 3689 1331 3757 modo
1358 3687 1512 3778 obsitus3
1541 3688 1637 3756 labia
1661 3689 1798 3780 majora
1821 3689 2015 3786 regularia,

438 3851 670 3941 ligamentum
695 3829 987 3916 interlabiornm,
1020 3824 1227 3916 perinenm,
1259 3821 1387 3892 nodnli
1410 3824 1738 3898 haemerrhoidales
1761 3828 1857 3898 circa
1882 3852 2013 3920 anum3

436 3979 621 4078 nymphae
646 3983 682 4044 et
707 3973 842 4040 clitoris
868 3965 955 4036 alias
980 3961 1126 4054 quidem
1151 3956 1329 4042 normales
1353 3959 1416 4026 sed
1442 3960 1673 4053 aliquomodo
1698 3964 1871 4053 minores,
1896 3918 2014 4060 regn-3

436 4124 514 4195 lare
539 4110 709 4186 uretbrae
735 4103 935 4192 orificium,
979 4099 1071 4168 rima
1096 4093 1247 4167 vulvalis
1272 4102 1327 4162 sat
1350 4116 1481 4186 parva,
1522 4097 1677 4166 naturali
1703 4100 1812 4176 modo
1839 4115 2010 4174 coarcta·

433 4255 521 4346 lior,
548 4249 643 4324 etad
670 4243 858 4315 dimidium
874 4240 992 4309 clausa
1018 4236 1175 4326 hymene
1190 4227 1375 4322 paululum
1401 4232 1439 4301 in
1454 4234 1616 4324 margine
1638 4245 1775 4304 serrato
1792 4247 1898 4331 atque
1922 4265 2012 4335 per.

434 4407 516 4466 tuso
542 4403 701 4476 utroque.
721 4384 758 4452 in
780 4381 890 4448 latere
916 4369 1134 4446 foraminulo
1162 4389 1245 4438 acus
1261 4367 1369 4457 capiti
1396 4368 1605 4460 accipiendo
1622 4370 1843 4448 sufficiente.
1893 4377 2007 4452 Fossa
2035 4423 2043 4432 ·

432 4523 648 4603 navicularia
675 4521 810 4612 optimo
844 4534 1031 4605 expressa,
1071 4505 1201 4598 vagina
1235 4504 1443 4573 normaliter
1475 4505 1625 4614 situata,
1663 4521 1882 4604 perangusta
1914 4537 2005 4608 per..

430 4666 623 4756 brevisque
657 4657 700 4728 ab
734 4657 891 4750 hymene
931 4668 1041 4739 tuque
1074 4643 1120 4736 ad
1157 4639 1309 4714 lundurn
1347 4664 1451 4713 snum
1490 4664 1638 4746 coecum
1672 4641 1780 4739 longa
1814 4648 2008 4738 dimdium
