<?xml version="1.0" encoding="UTF-8"?>
<!DOCTYPE html PUBLIC "-//W3C//DTD XHTML 1.0 Transitional//EN"
    "http://www.w3.org/TR/xhtml1/DTD/xhtml1-transitional.dtd">
<html xmlns="http://www.w3.org/1999/xhtml" xml:lang="en" lang="en">
 <head>
  <title>
</title>
<meta http-equiv="Content-Type" content="text/html;charset=utf-8" />
  <meta name='ocr-system' content='tesseract 3.04.00' />
  <meta name='ocr-capabilities' content='ocr_page ocr_carea ocr_par ocr_line ocrx_word'/>
</head>
<body>
  <div class='ocr_page' id='page_1' title='image "./dehermaphrodito00steggoog_0079.png"; bbox 0 0 4390 5710; ppageno 0'>
   <div class='ocr_carea' id='block_1_1' title="bbox 460 439 1370 510">
    <p class='ocr_par' dir='ltr' id='par_1_1' title="bbox 460 439 1370 510">
     <span class='ocr_line' id='line_1_1' title="bbox 460 439 1370 510; baseline 0.007 -11"><span class='ocrx_word' id='word_1_1' title='bbox 460 439 510 510; x_wconf 78' lang='grc'>66</span> <span class='ocrx_word' id='word_1_2' title='bbox 1154 463 1370 506; x_wconf 53' lang='lat' dir='ltr'>‘tw</span> 
     </span>
    </p>
   </div>
   <div class='ocr_carea' id='block_1_2' title="bbox 464 639 2064 881">
    <p class='ocr_par' dir='ltr' id='par_1_2' title="bbox 464 639 2064 881">
     <span class='ocr_line' id='line_1_2' title="bbox 464 639 2057 741; baseline 0.004 -35"><span class='ocrx_word' id='word_1_3' title='bbox 464 639 556 708; x_wconf 83' lang='lat' dir='ltr'>rima</span> <span class='ocrx_word' id='word_1_4' title='bbox 581 644 834 736; x_wconf 88' lang='lat' dir='ltr'>pudendorum</span> <span class='ocrx_word' id='word_1_5' title='bbox 863 649 1006 719; x_wconf 88' lang='lat' dir='ltr'>initialii</span> <span class='ocrx_word' id='word_1_6' title='bbox 1040 653 1154 722; x_wconf 84' lang='lat' dir='ltr'>divisa</span> <span class='ocrx_word' id='word_1_7' title='bbox 1187 652 1331 741; x_wconf 87' lang='lat' dir='ltr'>quidem</span> <span class='ocrx_word' id='word_1_8' title='bbox 1366 659 1570 736; x_wconf 73' lang='lat' dir='ltr'>remanent,</span> <span class='ocrx_word' id='word_1_9' title='bbox 1610 661 1663 717; x_wconf 86' lang='lat' dir='ltr'>ast</span> <span class='ocrx_word' id='word_1_10' title='bbox 1688 649 1776 717; x_wconf 88' lang='lat' dir='ltr'>haee</span> <span class='ocrx_word' id='word_1_11' title='bbox 1810 648 1941 717; x_wconf 88' lang='lat' dir='ltr'>divisio</span> <span class='ocrx_word' id='word_1_12' title='bbox 1970 672 2057 715; x_wconf 89' lang='lat' dir='ltr'>non</span> 
     </span>
     <span class='ocr_line' id='line_1_3' title="bbox 465 783 2064 881; baseline 0.008 -38"><span class='ocrx_word' id='word_1_13' title='bbox 465 787 517 844; x_wconf 83' lang='lat' dir='ltr'>est</span> <span class='ocrx_word' id='word_1_14' title='bbox 543 802 688 849; x_wconf 88' lang='lat' dir='ltr'>remora</span> <span class='ocrx_word' id='word_1_15' title='bbox 714 783 751 850; x_wconf 90' lang='lat' dir='ltr'>in</span> <span class='ocrx_word' id='word_1_16' title='bbox 778 787 940 856; x_wconf 83' lang='lat' dir='ltr'>inferiori</span> <span class='ocrx_word' id='word_1_17' title='bbox 967 790 1242 881; x_wconf 86' lang='lat' dir='ltr'>organisatiouis</span> <span class='ocrx_word' id='word_1_18' title='bbox 1268 789 1400 880; x_wconf 85' lang='lat' dir='ltr'>gradu,</span> <span class='ocrx_word' id='word_1_19' title='bbox 1441 789 1503 855; x_wconf 91' lang='lat' dir='ltr'>sed</span> <span class='ocrx_word' id='word_1_20' title='bbox 1536 787 1691 855; x_wconf 81' lang='lat' dir='ltr'>deviatio</span> <span class='ocrx_word' id='word_1_21' title='bbox 1724 788 1760 854; x_wconf 91' lang='lat' dir='ltr'>in</span> <span class='ocrx_word' id='word_1_22' title='bbox 1786 786 1919 852; x_wconf 88' lang='lat' dir='ltr'>altrum</span> <span class='ocrx_word' id='word_1_23' title='bbox 1949 787 2064 854; x_wconf 81' lang='lat' dir='ltr'>virili</span> 
     </span>
    </p>
   </div>
   <div class='ocr_carea' id='block_1_3' title="bbox 463 912 2065 1015">
    <p class='ocr_par' dir='ltr' id='par_1_3' title="bbox 463 912 2065 1015">
     <span class='ocr_line' id='line_1_4' title="bbox 463 912 2065 1015; baseline 0.007 -36"><span class='ocrx_word' id='word_1_24' title='bbox 463 912 589 1003; x_wconf 88' lang='lat' dir='ltr'>polum</span> <span class='ocrx_word' id='word_1_25' title='bbox 616 923 833 1009; x_wconf 90' lang='lat' dir='ltr'>oppositum.</span> <span class='ocrx_word' id='word_1_26' title='bbox 887 925 1048 1015; x_wconf 85' lang='lat' dir='ltr'>Quisque</span> <span class='ocrx_word' id='word_1_27' title='bbox 1082 928 1198 993; x_wconf 82' lang='lat' dir='ltr'>iulans</span> <span class='ocrx_word' id='word_1_28' title='bbox 1224 948 1271 992; x_wconf 82' lang='lat' dir='ltr'>ex</span> <span class='ocrx_word' id='word_1_29' title='bbox 1296 927 1419 992; x_wconf 86' lang='lat' dir='ltr'>innata</span> <span class='ocrx_word' id='word_1_30' title='bbox 1453 923 1778 1014; x_wconf 68' lang='lat' dir='ltr'>praedestinatione</span> <span class='ocrx_word' id='word_1_31' title='bbox 1812 934 1875 990; x_wconf 89' lang='lat' dir='ltr'>ant</span> <span class='ocrx_word' id='word_1_32' title='bbox 1907 922 1945 988; x_wconf 94' lang='lat' dir='ltr'>in</span> <span class='ocrx_word' id='word_1_33' title='bbox 1977 945 2065 1009; x_wconf 87' lang='lat' dir='ltr'>po-</span> 
     </span>
    </p>
   </div>
   <div class='ocr_carea' id='block_1_4' title="bbox 467 1047 2065 1150">
    <p class='ocr_par' dir='ltr' id='par_1_4' title="bbox 467 1047 2065 1150">
     <span class='ocr_line' id='line_1_5' title="bbox 467 1047 2065 1150; baseline 0.003 -34"><span class='ocrx_word' id='word_1_34' title='bbox 467 1047 615 1119; x_wconf 85' lang='lat' dir='ltr'>sitivum</span> <span class='ocrx_word' id='word_1_35' title='bbox 642 1057 765 1123; x_wconf 89' lang='lat' dir='ltr'>autin</span> <span class='ocrx_word' id='word_1_36' title='bbox 792 1067 1017 1149; x_wconf 78' lang='lat' dir='ltr'>negativum,</span> <span class='ocrx_word' id='word_1_37' title='bbox 1043 1065 1168 1131; x_wconf 89' lang='lat' dir='ltr'>autin</span> <span class='ocrx_word' id='word_1_38' title='bbox 1194 1063 1389 1130; x_wconf 88' lang='lat' dir='ltr'>masculum</span> <span class='ocrx_word' id='word_1_39' title='bbox 1417 1061 1541 1128; x_wconf 87' lang='lat' dir='ltr'>autin</span> <span class='ocrx_word' id='word_1_40' title='bbox 1567 1059 1783 1126; x_wconf 88' lang='lat' dir='ltr'>foemineum</span> <span class='ocrx_word' id='word_1_41' title='bbox 1808 1059 1934 1150; x_wconf 88' lang='lat' dir='ltr'>polum</span> <span class='ocrx_word' id='word_1_42' title='bbox 1965 1069 2065 1123; x_wconf 81' lang='lat' dir='ltr'>ter.-</span> 
     </span>
    </p>
   </div>
   <div class='ocr_carea' id='block_1_5' title="bbox 469 1184 2075 1960">
    <p class='ocr_par' dir='ltr' id='par_1_5' title="bbox 469 1184 2075 1960">
     <span class='ocr_line' id='line_1_6' title="bbox 469 1184 2067 1288; baseline 0.004 -38"><span class='ocrx_word' id='word_1_43' title='bbox 469 1184 542 1271; x_wconf 93' lang='lat' dir='ltr'>dit,</span> <span class='ocrx_word' id='word_1_44' title='bbox 569 1198 604 1254; x_wconf 89' lang='lat' dir='ltr'>et</span> <span class='ocrx_word' id='word_1_45' title='bbox 631 1213 794 1282; x_wconf 88' lang='lat' dir='ltr'>quaeque</span> <span class='ocrx_word' id='word_1_46' title='bbox 822 1195 989 1265; x_wconf 74' lang='lat' dir='ltr'>alienatio</span> <span class='ocrx_word' id='word_1_47' title='bbox 1017 1210 1078 1266; x_wconf 89' lang='lat' dir='ltr'>aut</span> <span class='ocrx_word' id='word_1_48' title='bbox 1110 1201 1310 1283; x_wconf 84' lang='lat' dir='ltr'>rentensio,</span> <span class='ocrx_word' id='word_1_49' title='bbox 1347 1200 1495 1288; x_wconf 85' lang='lat' dir='ltr'>quisque</span> <span class='ocrx_word' id='word_1_50' title='bbox 1522 1219 1686 1264; x_wconf 81' lang='lat' dir='ltr'>excessus</span> <span class='ocrx_word' id='word_1_51' title='bbox 1713 1206 1774 1263; x_wconf 86' lang='lat' dir='ltr'>aut</span> <span class='ocrx_word' id='word_1_52' title='bbox 1799 1194 1967 1262; x_wconf 81' lang='lat' dir='ltr'>defectus</span> <span class='ocrx_word' id='word_1_53' title='bbox 1995 1195 2067 1257; x_wconf 67' lang='lat' dir='ltr'>ri-</span> 
     </span>
     <span class='ocr_line' id='line_1_7' title="bbox 471 1319 2070 1423; baseline 0.008 -40"><span class='ocrx_word' id='word_1_54' title='bbox 471 1319 566 1387; x_wconf 92' lang='lat' dir='ltr'>rimn</span> <span class='ocrx_word' id='word_1_55' title='bbox 592 1323 824 1414; x_wconf 89' lang='lat' dir='ltr'>plasticarum</span> <span class='ocrx_word' id='word_1_56' title='bbox 850 1347 911 1402; x_wconf 89' lang='lat' dir='ltr'>aut</span> <span class='ocrx_word' id='word_1_57' title='bbox 942 1335 1160 1423; x_wconf 90' lang='lat' dir='ltr'>productum</span> <span class='ocrx_word' id='word_1_58' title='bbox 1192 1336 1407 1403; x_wconf 79' lang='lat' dir='ltr'>formatione</span> <span class='ocrx_word' id='word_1_59' title='bbox 1435 1345 1639 1416; x_wconf 79' lang='lat' dir='ltr'>retensum,</span> <span class='ocrx_word' id='word_1_60' title='bbox 1679 1343 1741 1400; x_wconf 90' lang='lat' dir='ltr'>aut</span> <span class='ocrx_word' id='word_1_61' title='bbox 1767 1332 2070 1399; x_wconf 79' lang='lat' dir='ltr'>alienatum-aut</span> 
     </span>
     <span class='ocr_line' id='line_1_8' title="bbox 474 1462 2068 1562; baseline 0.006 -41"><span class='ocrx_word' id='word_1_62' title='bbox 474 1462 695 1533; x_wconf 81' lang='lat' dir='ltr'>excessirum</span> <span class='ocrx_word' id='word_1_63' title='bbox 721 1479 782 1534; x_wconf 91' lang='lat' dir='ltr'>aut</span> <span class='ocrx_word' id='word_1_64' title='bbox 808 1468 1025 1538; x_wconf 86' lang='lat' dir='ltr'>defectivum</span> <span class='ocrx_word' id='word_1_65' title='bbox 1053 1471 1202 1559; x_wconf 81' lang='lat' dir='ltr'>elliciet3</span> <span class='ocrx_word' id='word_1_66' title='bbox 1242 1495 1360 1562; x_wconf 87' lang='lat' dir='ltr'>neque</span> <span class='ocrx_word' id='word_1_67' title='bbox 1387 1479 1506 1537; x_wconf 89' lang='lat' dir='ltr'>autem</span> <span class='ocrx_word' id='word_1_68' title='bbox 1529 1466 1680 1558; x_wconf 83' lang='lat' dir='ltr'>embryo</span> <span class='ocrx_word' id='word_1_69' title='bbox 1707 1468 1883 1534; x_wconf 86' lang='lat' dir='ltr'>masculus</span> <span class='ocrx_word' id='word_1_70' title='bbox 1918 1467 1958 1532; x_wconf 92' lang='lat' dir='ltr'>in</span> <span class='ocrx_word' id='word_1_71' title='bbox 1981 1466 2068 1531; x_wconf 90' lang='lat' dir='ltr'>for-</span> 
     </span>
     <span class='ocr_line' id='line_1_9' title="bbox 473 1593 2069 1697; baseline 0.004 -37"><span class='ocrx_word' id='word_1_72' title='bbox 473 1593 633 1664; x_wconf 85' lang='lat' dir='ltr'>matione</span> <span class='ocrx_word' id='word_1_73' title='bbox 658 1611 820 1671; x_wconf 87' lang='lat' dir='ltr'>retonsus</span> <span class='ocrx_word' id='word_1_74' title='bbox 836 1606 893 1674; x_wconf 90' lang='lat' dir='ltr'>vel</span> <span class='ocrx_word' id='word_1_75' title='bbox 920 1603 1092 1674; x_wconf 89' lang='lat' dir='ltr'>alienatus</span> <span class='ocrx_word' id='word_1_76' title='bbox 1118 1631 1214 1674; x_wconf 86' lang='lat' dir='ltr'>nnnc</span> <span class='ocrx_word' id='word_1_77' title='bbox 1242 1609 1275 1674; x_wconf 93' lang='lat' dir='ltr'>in</span> <span class='ocrx_word' id='word_1_78' title='bbox 1302 1607 1411 1674; x_wconf 89' lang='lat' dir='ltr'>alium</span> <span class='ocrx_word' id='word_1_79' title='bbox 1428 1605 1550 1697; x_wconf 90' lang='lat' dir='ltr'>polum</span> <span class='ocrx_word' id='word_1_80' title='bbox 1569 1604 1767 1694; x_wconf 88' lang='lat' dir='ltr'>perfectum</span> <span class='ocrx_word' id='word_1_81' title='bbox 1794 1606 1973 1688; x_wconf 81' lang='lat' dir='ltr'>vertitur3</span> <span class='ocrx_word' id='word_1_82' title='bbox 2003 1601 2069 1666; x_wconf 81' lang='lat' dir='ltr'>sed</span> 
     </span>
     <span class='ocr_line' id='line_1_10' title="bbox 477 1737 2074 1832; baseline 0.006 -39"><span class='ocrx_word' id='word_1_83' title='bbox 477 1746 622 1799; x_wconf 88' lang='lat' dir='ltr'>remora</span> <span class='ocrx_word' id='word_1_84' title='bbox 639 1747 700 1802; x_wconf 86' lang='lat' dir='ltr'>aut</span> <span class='ocrx_word' id='word_1_85' title='bbox 725 1737 893 1808; x_wconf 79' lang='lat' dir='ltr'>alienatio</span> <span class='ocrx_word' id='word_1_86' title='bbox 921 1741 996 1827; x_wconf 84' lang='lat' dir='ltr'>ejus</span> <span class='ocrx_word' id='word_1_87' title='bbox 1023 1744 1203 1832; x_wconf 85' lang='lat' dir='ltr'>exprimet</span> <span class='ocrx_word' id='word_1_88' title='bbox 1227 1745 1381 1810; x_wconf 85' lang='lat' dir='ltr'>stadium</span> <span class='ocrx_word' id='word_1_89' title='bbox 1396 1739 1648 1808; x_wconf 86' lang='lat' dir='ltr'>intermedium</span> <span class='ocrx_word' id='word_1_90' title='bbox 1674 1741 1967 1830; x_wconf 83' lang='lat' dir='ltr'>magisminnsve</span> <span class='ocrx_word' id='word_1_91' title='bbox 1985 1759 2074 1826; x_wconf 87' lang='lat' dir='ltr'>per·</span> 
     </span>
     <span class='ocr_line' id='line_1_11' title="bbox 484 1860 2075 1960; baseline 0.007 -31"><span class='ocrx_word' id='word_1_92' title='bbox 484 1860 631 1936; x_wconf 89' lang='lat' dir='ltr'>sectum.</span> <span class='ocrx_word' id='word_1_93' title='bbox 665 1869 747 1941; x_wconf 90' lang='lat' dir='ltr'>Poli</span> <span class='ocrx_word' id='word_1_94' title='bbox 773 1875 980 1944; x_wconf 84' lang='lat' dir='ltr'>dillerentes</span> <span class='ocrx_word' id='word_1_95' title='bbox 995 1879 1221 1950; x_wconf 85' lang='lat' dir='ltr'>solummodo</span> <span class='ocrx_word' id='word_1_96' title='bbox 1253 1904 1298 1946; x_wconf 85' lang='lat' dir='ltr'>ex</span> <span class='ocrx_word' id='word_1_97' title='bbox 1323 1878 1565 1946; x_wconf 80' lang='lat' dir='ltr'>indifferentia</span> <span class='ocrx_word' id='word_1_98' title='bbox 1590 1900 1715 1946; x_wconf 87' lang='lat' dir='ltr'>eorum</span> <span class='ocrx_word' id='word_1_99' title='bbox 1740 1874 1941 1960; x_wconf 85' lang='lat' dir='ltr'>dissiliunt,</span> <span class='ocrx_word' id='word_1_100' title='bbox 1968 1896 2075 1942; x_wconf 85' lang='lat' dir='ltr'>nun-</span> 
     </span>
    </p>
   </div>
   <div class='ocr_carea' id='block_1_6' title="bbox 482 2011 1476 2108">
    <p class='ocr_par' dir='ltr' id='par_1_6' title="bbox 482 2011 1476 2108">
     <span class='ocr_line' id='line_1_12' title="bbox 482 2011 1476 2108; baseline 0.011 -38"><span class='ocrx_word' id='word_1_101' title='bbox 482 2024 589 2096; x_wconf 86' lang='lat' dir='ltr'>quam</span> <span class='ocrx_word' id='word_1_102' title='bbox 616 2018 735 2076; x_wconf 86' lang='lat' dir='ltr'>autem</span> <span class='ocrx_word' id='word_1_103' title='bbox 761 2011 866 2103; x_wconf 91' lang='lat' dir='ltr'>polus</span> <span class='ocrx_word' id='word_1_104' title='bbox 890 2015 1066 2105; x_wconf 82' lang='lat' dir='ltr'>positivus</span> <span class='ocrx_word' id='word_1_105' title='bbox 1091 2040 1112 2085; x_wconf 84' lang='lat' dir='ltr'>e</span> <span class='ocrx_word' id='word_1_106' title='bbox 1137 2016 1302 2108; x_wconf 84' lang='lat' dir='ltr'>negativo</span> <span class='ocrx_word' id='word_1_107' title='bbox 1329 2017 1476 2084; x_wconf 89' lang='lat' dir='ltr'>orietur.</span> 
     </span>
    </p>
   </div>
   <div class='ocr_carea' id='block_1_7' title="bbox 489 2307 2145 4607">
    <p class='ocr_par' dir='ltr' id='par_1_7' title="bbox 489 2307 2145 3648">
     <span class='ocr_line' id='line_1_13' title="bbox 586 2307 2144 2420; baseline 0.001 -30"><span class='ocrx_word' id='word_1_108' title='bbox 586 2322 625 2390; x_wconf 89' lang='lat' dir='ltr'>Si</span> <span class='ocrx_word' id='word_1_109' title='bbox 649 2323 721 2412; x_wconf 86' lang='lat' dir='ltr'>jam</span> <span class='ocrx_word' id='word_1_110' title='bbox 748 2327 784 2395; x_wconf 91' lang='lat' dir='ltr'>in</span> <span class='ocrx_word' id='word_1_111' title='bbox 817 2328 935 2417; x_wconf 91' lang='lat' dir='ltr'>primo</span> <span class='ocrx_word' id='word_1_112' title='bbox 968 2329 1176 2420; x_wconf 84' lang='lat' dir='ltr'>embryonis</span> <span class='ocrx_word' id='word_1_113' title='bbox 1206 2329 1384 2398; x_wconf 85' lang='lat' dir='ltr'>formandi</span> <span class='ocrx_word' id='word_1_114' title='bbox 1406 2327 1534 2396; x_wconf 83' lang='lat' dir='ltr'>&#39;stadio</span> <span class='ocrx_word' id='word_1_115' title='bbox 1569 2349 1674 2395; x_wconf 82' lang='lat' dir='ltr'>sexus</span> <span class='ocrx_word' id='word_1_116' title='bbox 1710 2323 1898 2392; x_wconf 79' lang='lat' dir='ltr'>character</span> <span class='ocrx_word' id='word_1_117' title='bbox 1931 2323 2074 2392; x_wconf 82' lang='lat' dir='ltr'>foemi-</span> <span class='ocrx_word' id='word_1_118' title='bbox 2142 2307 2144 2328; x_wconf 45' lang='lat'><strong>¹</strong></span> 
     </span>
     <span class='ocr_line' id='line_1_14' title="bbox 489 2459 2074 2555; baseline 0 -27"><span class='ocrx_word' id='word_1_119' title='bbox 489 2479 578 2530; x_wconf 85' lang='lat' dir='ltr'>neus</span> <span class='ocrx_word' id='word_1_120' title='bbox 604 2465 831 2551; x_wconf 80' lang='lat' dir='ltr'>praevaleret</span> <span class='ocrx_word' id='word_1_121' title='bbox 857 2479 916 2530; x_wconf 89' lang='lat' dir='ltr'>aut</span> <span class='ocrx_word' id='word_1_122' title='bbox 943 2459 1065 2555; x_wconf 82' lang='lat' dir='ltr'>potius</span> <span class='ocrx_word' id='word_1_123' title='bbox 1092 2466 1188 2533; x_wconf 85' lang='lat' dir='ltr'>solus</span> <span class='ocrx_word' id='word_1_124' title='bbox 1221 2467 1377 2554; x_wconf 82' lang='lat' dir='ltr'>adesset,</span> <span class='ocrx_word' id='word_1_125' title='bbox 1419 2488 1601 2554; x_wconf 81' lang='lat' dir='ltr'>nunqnam</span> <span class='ocrx_word' id='word_1_126' title='bbox 1637 2461 1847 2553; x_wconf 86' lang='lat' dir='ltr'>aplnoditos</span> <span class='ocrx_word' id='word_1_127' title='bbox 1880 2473 1947 2528; x_wconf 86' lang='lat' dir='ltr'>aut</span> <span class='ocrx_word' id='word_1_128' title='bbox 1984 2463 2074 2529; x_wconf 79' lang='lat' dir='ltr'>lier-</span> 
     </span>
     <span class='ocr_line' id='line_1_15' title="bbox 489 2595 2075 2689; baseline -0.001 -24"><span class='ocrx_word' id='word_1_129' title='bbox 489 2595 740 2689; x_wconf 81' lang='lat' dir='ltr'>maplrroditos</span> <span class='ocrx_word' id='word_1_130' title='bbox 767 2609 802 2666; x_wconf 89' lang='lat' dir='ltr'>et</span> <span class='ocrx_word' id='word_1_131' title='bbox 827 2600 939 2668; x_wconf 89' lang='lat' dir='ltr'>multo</span> <span class='ocrx_word' id='word_1_132' title='bbox 966 2603 1082 2670; x_wconf 90' lang='lat' dir='ltr'>minus</span> <span class='ocrx_word' id='word_1_133' title='bbox 1107 2601 1222 2670; x_wconf 88' lang='lat' dir='ltr'>adhuc</span> <span class='ocrx_word' id='word_1_134' title='bbox 1249 2601 1423 2670; x_wconf 86' lang='lat' dir='ltr'>foeminas</span> <span class='ocrx_word' id='word_1_135' title='bbox 1457 2601 1634 2669; x_wconf 75' lang='lat' dir='ltr'>deformes</span> <span class='ocrx_word' id='word_1_136' title='bbox 1660 2601 1924 2680; x_wconf 84' lang='lat' dir='ltr'>inveniremus,</span> <span class='ocrx_word' id='word_1_137' title='bbox 1963 2610 2075 2688; x_wconf 76' lang='lat' dir='ltr'>atrpie</span> 
     </span>
     <span class='ocr_line' id='line_1_16' title="bbox 490 2733 2076 2827; baseline -0.003 -23"><span class='ocrx_word' id='word_1_138' title='bbox 490 2755 636 2804; x_wconf 83' lang='lat' dir='ltr'>necesse</span> <span class='ocrx_word' id='word_1_139' title='bbox 661 2733 774 2824; x_wconf 87' lang='lat' dir='ltr'>foret,</span> <span class='ocrx_word' id='word_1_140' title='bbox 808 2749 847 2805; x_wconf 90' lang='lat' dir='ltr'>ut</span> <span class='ocrx_word' id='word_1_141' title='bbox 874 2738 1072 2807; x_wconf 92' lang='lat' dir='ltr'>inmundo</span> <span class='ocrx_word' id='word_1_142' title='bbox 1107 2739 1157 2806; x_wconf 93' lang='lat' dir='ltr'>nil</span> <span class='ocrx_word' id='word_1_143' title='bbox 1189 2739 1256 2807; x_wconf 91' lang='lat' dir='ltr'>nisi</span> <span class='ocrx_word' id='word_1_144' title='bbox 1289 2737 1468 2807; x_wconf 79' lang='lat' dir='ltr'>foeminae</span> <span class='ocrx_word' id='word_1_145' title='bbox 1502 2738 1717 2822; x_wconf 80' lang='lat' dir='ltr'>existerent,</span> <span class='ocrx_word' id='word_1_146' title='bbox 1760 2733 2076 2827; x_wconf 16' lang='lat' dir='ltr'>autlmomentnm</span> 
     </span>
     <span class='ocr_line' id='line_1_17' title="bbox 492 2870 2078 2978; baseline -0.002 -38"><span class='ocrx_word' id='word_1_147' title='bbox 492 2871 532 2941; x_wconf 90' lang='lat' dir='ltr'>in</span> <span class='ocrx_word' id='word_1_148' title='bbox 557 2872 720 2942; x_wconf 87' lang='lat' dir='ltr'>ulteriori</span> <span class='ocrx_word' id='word_1_149' title='bbox 746 2874 953 2978; x_wconf 78' lang='lat' dir='ltr'>formationi</span> <span class='ocrx_word' id='word_1_150' title='bbox 978 2878 1186 2968; x_wconf 83' lang='lat' dir='ltr'>genitalium</span> <span class='ocrx_word' id='word_1_151' title='bbox 1220 2879 1390 2959; x_wconf 77' lang='lat' dir='ltr'>intraret,</span> <span class='ocrx_word' id='word_1_152' title='bbox 1425 2875 1485 2942; x_wconf 90' lang='lat' dir='ltr'>ubi</span> <span class='ocrx_word' id='word_1_153' title='bbox 1514 2899 1584 2940; x_wconf 88' lang='lat' dir='ltr'>nna</span> <span class='ocrx_word' id='word_1_154' title='bbox 1618 2874 1694 2942; x_wconf 89' lang='lat' dir='ltr'>vice</span> <span class='ocrx_word' id='word_1_155' title='bbox 1729 2872 1835 2938; x_wconf 90' lang='lat' dir='ltr'>modo</span> <span class='ocrx_word' id='word_1_156' title='bbox 1863 2870 1974 2960; x_wconf 86' lang='lat' dir='ltr'>polns</span> <span class='ocrx_word' id='word_1_157' title='bbox 2004 2872 2078 2940; x_wconf 76' lang='lat' dir='ltr'>fee-</span> 
     </span>
     <span class='ocr_line' id='line_1_18' title="bbox 494 3007 2079 3098; baseline -0.003 -18"><span class='ocrx_word' id='word_1_158' title='bbox 494 3012 635 3080; x_wconf 84' lang='lat' dir='ltr'>mineus</span> <span class='ocrx_word' id='word_1_159' title='bbox 659 3034 697 3079; x_wconf 85' lang='lat' dir='ltr'>se</span> <span class='ocrx_word' id='word_1_160' title='bbox 730 3026 977 3098; x_wconf 80' lang='lat' dir='ltr'>conservaret,</span> <span class='ocrx_word' id='word_1_161' title='bbox 1018 3018 1124 3082; x_wconf 86' lang='lat' dir='ltr'>modo</span> <span class='ocrx_word' id='word_1_162' title='bbox 1151 3026 1271 3081; x_wconf 89' lang='lat' dir='ltr'>autem</span> <span class='ocrx_word' id='word_1_163' title='bbox 1303 3014 1488 3080; x_wconf 83' lang='lat' dir='ltr'>convictus</span> <span class='ocrx_word' id='word_1_164' title='bbox 1515 3012 1549 3075; x_wconf 90' lang='lat' dir='ltr'>in</span> <span class='ocrx_word' id='word_1_165' title='bbox 1578 3010 1685 3076; x_wconf 84' lang='lat' dir='ltr'>alium</span> <span class='ocrx_word' id='word_1_166' title='bbox 1714 3007 1922 3098; x_wconf 78' lang='lat' dir='ltr'>oppositum</span> <span class='ocrx_word' id='word_1_167' title='bbox 1952 3011 1994 3075; x_wconf 87' lang='lat' dir='ltr'>in</span> <span class='ocrx_word' id='word_1_168' title='bbox 2025 3009 2079 3074; x_wconf 89' lang='lat' dir='ltr'>vi·</span> 
     </span>
     <span class='ocr_line' id='line_1_19' title="bbox 496 3142 2082 3240; baseline -0.005 -21"><span class='ocrx_word' id='word_1_169' title='bbox 496 3149 600 3220; x_wconf 86' lang='lat' dir='ltr'>rilem</span> <span class='ocrx_word' id='word_1_170' title='bbox 627 3172 757 3238; x_wconf 86' lang='lat' dir='ltr'>nempe</span> <span class='ocrx_word' id='word_1_171' title='bbox 787 3149 911 3216; x_wconf 84' lang='lat' dir='ltr'>abiret.</span> <span class='ocrx_word' id='word_1_172' title='bbox 965 3151 999 3217; x_wconf 88' lang='lat' dir='ltr'>Si</span> <span class='ocrx_word' id='word_1_173' title='bbox 1028 3152 1094 3240; x_wconf 88' lang='lat' dir='ltr'>ipsi</span> <span class='ocrx_word' id='word_1_174' title='bbox 1122 3152 1192 3217; x_wconf 89' lang='lat' dir='ltr'>tale</span> <span class='ocrx_word' id='word_1_175' title='bbox 1219 3161 1440 3216; x_wconf 82' lang='lat' dir='ltr'>momentum</span> <span class='ocrx_word' id='word_1_176' title='bbox 1468 3148 1596 3237; x_wconf 83' lang='lat' dir='ltr'>pmllis</span> <span class='ocrx_word' id='word_1_177' title='bbox 1629 3147 1696 3213; x_wconf 90' lang='lat' dir='ltr'>illis</span> <span class='ocrx_word' id='word_1_178' title='bbox 1730 3142 1914 3236; x_wconf 87' lang='lat' dir='ltr'>primariis</span> <span class='ocrx_word' id='word_1_179' title='bbox 1940 3169 2082 3211; x_wconf 88' lang='lat' dir='ltr'>conee-</span> 
     </span>
     <span class='ocr_line' id='line_1_20' title="bbox 503 3280 2085 3370; baseline -0.001 -20"><span class='ocrx_word' id='word_1_180' title='bbox 503 3285 649 3370; x_wconf 86' lang='lat' dir='ltr'>damus,</span> <span class='ocrx_word' id='word_1_181' title='bbox 675 3293 762 3347; x_wconf 88' lang='lat' dir='ltr'>tnnc</span> <span class='ocrx_word' id='word_1_182' title='bbox 789 3286 917 3348; x_wconf 87' lang='lat' dir='ltr'>iterum</span> <span class='ocrx_word' id='word_1_183' title='bbox 945 3287 1097 3350; x_wconf 83' lang='lat' dir='ltr'>stadimu</span> <span class='ocrx_word' id='word_1_184' title='bbox 1132 3285 1219 3349; x_wconf 91' lang='lat' dir='ltr'>illud</span> <span class='ocrx_word' id='word_1_185' title='bbox 1253 3285 1505 3351; x_wconf 84' lang='lat' dir='ltr'>intermedimu</span> <span class='ocrx_word' id='word_1_186' title='bbox 1539 3294 1620 3350; x_wconf 87' lang='lat' dir='ltr'>ante</span> <span class='ocrx_word' id='word_1_187' title='bbox 1653 3305 1802 3350; x_wconf 77' lang='lat' dir='ltr'>sexuum</span> <span class='ocrx_word' id='word_1_188' title='bbox 1835 3280 2085 3348; x_wconf 71' lang='lat' dir='ltr'>differentiam</span> 
     </span>
     <span class='ocr_line' id='line_1_21' title="bbox 499 3417 2083 3512; baseline -0.001 -25"><span class='ocrx_word' id='word_1_189' title='bbox 499 3418 721 3487; x_wconf 79' lang='lat' dir='ltr'>habebimus.</span> <span class='ocrx_word' id='word_1_190' title='bbox 774 3417 868 3485; x_wconf 88' lang='lat' dir='ltr'>Nam</span> <span class='ocrx_word' id='word_1_191' title='bbox 894 3422 922 3487; x_wconf 91' lang='lat' dir='ltr'>si</span> <span class='ocrx_word' id='word_1_192' title='bbox 951 3422 985 3486; x_wconf 91' lang='lat' dir='ltr'>in</span> <span class='ocrx_word' id='word_1_193' title='bbox 1013 3421 1080 3486; x_wconf 82' lang='lat' dir='ltr'>lroc</span> <span class='ocrx_word' id='word_1_194' title='bbox 1107 3431 1287 3486; x_wconf 85' lang='lat' dir='ltr'>momento</span> <span class='ocrx_word' id='word_1_195' title='bbox 1314 3419 1432 3511; x_wconf 86' lang='lat' dir='ltr'>puella</span> <span class='ocrx_word' id='word_1_196' title='bbox 1465 3419 1532 3506; x_wconf 81' lang='lat' dir='ltr'>jam</span> <span class='ocrx_word' id='word_1_197' title='bbox 1562 3419 1754 3512; x_wconf 80' lang='lat' dir='ltr'>perfectior</span> <span class='ocrx_word' id='word_1_198' title='bbox 1788 3418 1945 3485; x_wconf 87' lang='lat' dir='ltr'>formata</span> <span class='ocrx_word' id='word_1_199' title='bbox 1974 3419 2083 3485; x_wconf 85' lang='lat' dir='ltr'>ades-</span> 
     </span>
     <span class='ocr_line' id='line_1_22' title="bbox 501 3552 2145 3648; baseline -0.004 -22"><span class='ocrx_word' id='word_1_200' title='bbox 501 3566 573 3645; x_wconf 84' lang='lat' dir='ltr'>set,</span> <span class='ocrx_word' id='word_1_201' title='bbox 601 3554 783 3648; x_wconf 88' lang='lat' dir='ltr'>quomodo</span> <span class='ocrx_word' id='word_1_202' title='bbox 817 3555 937 3642; x_wconf 80' lang='lat' dir='ltr'>fieret,</span> <span class='ocrx_word' id='word_1_203' title='bbox 978 3567 1016 3622; x_wconf 90' lang='lat' dir='ltr'>nt</span> <span class='ocrx_word' id='word_1_204' title='bbox 1048 3569 1169 3623; x_wconf 87' lang='lat' dir='ltr'>uterus</span> <span class='ocrx_word' id='word_1_205' title='bbox 1200 3557 1236 3622; x_wconf 89' lang='lat' dir='ltr'>in</span> <span class='ocrx_word' id='word_1_206' title='bbox 1271 3559 1461 3645; x_wconf 83' lang='lat' dir='ltr'>vesiculas,</span> <span class='ocrx_word' id='word_1_207' title='bbox 1505 3581 1596 3647; x_wconf 75' lang='lat' dir='ltr'>iprae</span> <span class='ocrx_word' id='word_1_208' title='bbox 1630 3555 1794 3623; x_wconf 80' lang='lat' dir='ltr'>‹lintibus</span> <span class='ocrx_word' id='word_1_209' title='bbox 1833 3552 2085 3620; x_wconf 82' lang='lat' dir='ltr'>deferentibus</span> <span class='ocrx_word' id='word_1_210' title='bbox 2144 3637 2145 3642; x_wconf 5' lang='grc' dir='ltr'>ἵ</span> 
     </span>
    </p>

    <p class='ocr_par' dir='ltr' id='par_1_8' title="bbox 500 3692 2097 4607">
     <span class='ocr_line' id='line_1_23' title="bbox 500 3692 2087 3784; baseline -0.002 -24"><span class='ocrx_word' id='word_1_211' title='bbox 500 3694 538 3761; x_wconf 88' lang='lat' dir='ltr'>in</span> <span class='ocrx_word' id='word_1_212' title='bbox 566 3693 677 3761; x_wconf 89' lang='lat' dir='ltr'>altero</span> <span class='ocrx_word' id='word_1_213' title='bbox 704 3693 785 3759; x_wconf 90' lang='lat' dir='ltr'>situi</span> <span class='ocrx_word' id='word_1_214' title='bbox 813 3694 903 3760; x_wconf 86' lang='lat' dir='ltr'>uteri</span> <span class='ocrx_word' id='word_1_215' title='bbox 933 3693 1100 3783; x_wconf 86' lang='lat' dir='ltr'>opposito</span> <span class='ocrx_word' id='word_1_216' title='bbox 1127 3692 1237 3762; x_wconf 85' lang='lat' dir='ltr'>latere</span> <span class='ocrx_word' id='word_1_217' title='bbox 1264 3695 1446 3781; x_wconf 81' lang='lat' dir='ltr'>adjacent,</span> <span class='ocrx_word' id='word_1_218' title='bbox 1481 3694 1715 3784; x_wconf 74' lang='lat' dir='ltr'>dispesceret,</span> <span class='ocrx_word' id='word_1_219' title='bbox 1749 3711 1859 3781; x_wconf 88' lang='lat' dir='ltr'>porro</span> <span class='ocrx_word' id='word_1_220' title='bbox 1885 3699 1928 3754; x_wconf 87' lang='lat' dir='ltr'>ut</span> <span class='ocrx_word' id='word_1_221' title='bbox 1955 3694 2087 3781; x_wconf 76' lang='lat' dir='ltr'>vagina</span> 
     </span>
     <span class='ocr_line' id='line_1_24' title="bbox 503 3826 2088 3922; baseline -0.002 -25"><span class='ocrx_word' id='word_1_222' title='bbox 503 3831 542 3897; x_wconf 87' lang='lat' dir='ltr'>in</span> <span class='ocrx_word' id='word_1_223' title='bbox 576 3831 764 3920; x_wconf 88' lang='lat' dir='ltr'>glandulae</span> <span class='ocrx_word' id='word_1_224' title='bbox 798 3842 980 3922; x_wconf 85' lang='lat' dir='ltr'>prostatae</span> <span class='ocrx_word' id='word_1_225' title='bbox 1020 3831 1171 3898; x_wconf 89' lang='lat' dir='ltr'>formam</span> <span class='ocrx_word' id='word_1_226' title='bbox 1205 3856 1242 3899; x_wconf 87' lang='lat' dir='ltr'>se</span> <span class='ocrx_word' id='word_1_227' title='bbox 1283 3831 1528 3918; x_wconf 84' lang='lat' dir='ltr'>contraheret,</span> <span class='ocrx_word' id='word_1_228' title='bbox 1573 3841 1609 3897; x_wconf 90' lang='lat' dir='ltr'>et</span> <span class='ocrx_word' id='word_1_229' title='bbox 1641 3827 1878 3920; x_wconf 74' lang='lat' dir='ltr'>posteriorem</span> <span class='ocrx_word' id='word_1_230' title='bbox 1910 3826 2088 3896; x_wconf 83' lang='lat' dir='ltr'>uretlnae</span> 
     </span>
     <span class='ocr_line' id='line_1_25' title="bbox 506 3962 2089 4056; baseline -0.003 -19"><span class='ocrx_word' id='word_1_231' title='bbox 506 3965 619 4037; x_wconf 86' lang='lat' dir='ltr'>virilis</span> <span class='ocrx_word' id='word_1_232' title='bbox 646 3980 783 4056; x_wconf 87' lang='lat' dir='ltr'>partem</span> <span class='ocrx_word' id='word_1_233' title='bbox 812 3972 1056 4038; x_wconf 79' lang='lat' dir='ltr'>constitueret.</span> <span class='ocrx_word' id='word_1_234' title='bbox 1111 3966 1172 4035; x_wconf 66' lang='lat' dir='ltr'>alst</span> <span class='ocrx_word' id='word_1_235' title='bbox 1199 3968 1406 4056; x_wconf 78' lang='lat' dir='ltr'>objiciatur:</span> <span class='ocrx_word' id='word_1_236' title='bbox 1447 3967 1534 4033; x_wconf 78' lang='lat' dir='ltr'>liaeo</span> <span class='ocrx_word' id='word_1_237' title='bbox 1568 3990 1702 4056; x_wconf 78' lang='lat' dir='ltr'>organa</span> <span class='ocrx_word' id='word_1_238' title='bbox 1739 3965 1776 4032; x_wconf 89' lang='lat' dir='ltr'>in</span> <span class='ocrx_word' id='word_1_239' title='bbox 1808 3962 1871 4028; x_wconf 92' lang='lat' dir='ltr'>illo</span> <span class='ocrx_word' id='word_1_240' title='bbox 1899 3979 2089 4031; x_wconf 82' lang='lat' dir='ltr'>momento</span> 
     </span>
     <span class='ocr_line' id='line_1_26' title="bbox 506 4101 2092 4191; baseline -0.004 -18"><span class='ocrx_word' id='word_1_241' title='bbox 506 4103 668 4174; x_wconf 91' lang='lat' dir='ltr'>nondum</span> <span class='ocrx_word' id='word_1_242' title='bbox 695 4113 776 4170; x_wconf 91' lang='lat' dir='ltr'>sunt</span> <span class='ocrx_word' id='word_1_243' title='bbox 800 4105 861 4169; x_wconf 86' lang='lat' dir='ltr'>sed</span> <span class='ocrx_word' id='word_1_244' title='bbox 885 4104 987 4169; x_wconf 86' lang='lat' dir='ltr'>initio</span> <span class='ocrx_word' id='word_1_245' title='bbox 1013 4107 1116 4170; x_wconf 88' lang='lat' dir='ltr'>tertii·</span> <span class='ocrx_word' id='word_1_246' title='bbox 1135 4107 1264 4172; x_wconf 85' lang='lat' dir='ltr'>mensis</span> <span class='ocrx_word' id='word_1_247' title='bbox 1291 4115 1426 4171; x_wconf 85' lang='lat' dir='ltr'>tantum</span> <span class='ocrx_word' id='word_1_248' title='bbox 1454 4105 1601 4171; x_wconf 88' lang='lat' dir='ltr'>formari</span> <span class='ocrx_word' id='word_1_249' title='bbox 1628 4101 1826 4191; x_wconf 72' lang='lat' dir='ltr'>incipiunt,</span> <span class='ocrx_word' id='word_1_250' title='bbox 1851 4109 1940 4165; x_wconf 91' lang='lat' dir='ltr'>tunc</span> <span class='ocrx_word' id='word_1_251' title='bbox 1967 4111 2092 4170; x_wconf 85' lang='lat' dir='ltr'>antem</span> 
     </span>
     <span class='ocr_line' id='line_1_27' title="bbox 507 4235 2094 4332; baseline -0.005 -20"><span class='ocrx_word' id='word_1_252' title='bbox 507 4241 636 4312; x_wconf 86' lang='lat' dir='ltr'>eodem</span> <span class='ocrx_word' id='word_1_253' title='bbox 663 4238 740 4326; x_wconf 83' lang='lat' dir='ltr'>jure</span> <span class='ocrx_word' id='word_1_254' title='bbox 766 4238 886 4306; x_wconf 86' lang='lat' dir='ltr'>dicere</span> <span class='ocrx_word' id='word_1_255' title='bbox 920 4263 1123 4330; x_wconf 67' lang='lat' dir='ltr'>prissumus,</span> <span class='ocrx_word' id='word_1_256' title='bbox 1166 4265 1301 4332; x_wconf 79' lang='lat' dir='ltr'>organa</span> <span class='ocrx_word' id='word_1_257' title='bbox 1327 4266 1431 4308; x_wconf 81' lang='lat' dir='ltr'>sexus</span> <span class='ocrx_word' id='word_1_258' title='bbox 1466 4240 1578 4310; x_wconf 78' lang='lat' dir='ltr'>virills</span> <span class='ocrx_word' id='word_1_259' title='bbox 1603 4237 1786 4330; x_wconf 84' lang='lat' dir='ltr'>primitiva</span> <span class='ocrx_word' id='word_1_260' title='bbox 1818 4237 1855 4303; x_wconf 88' lang='lat' dir='ltr'>in</span> <span class='ocrx_word' id='word_1_261' title='bbox 1889 4235 2094 4306; x_wconf 83' lang='lat' dir='ltr'>foeminina</span> 
     </span>
     <span class='ocr_line' id='line_1_28' title="bbox 510 4365 2095 4467; baseline -0.005 -19"><span class='ocrx_word' id='word_1_262' title='bbox 510 4379 637 4448; x_wconf 88' lang='lat' dir='ltr'>seriori</span> <span class='ocrx_word' id='word_1_263' title='bbox 663 4365 886 4445; x_wconf 78' lang='lat' dir='ltr'>formationis</span> <span class='ocrx_word' id='word_1_264' title='bbox 912 4386 1075 4467; x_wconf 82' lang='lat' dir='ltr'>tempore</span> <span class='ocrx_word' id='word_1_265' title='bbox 1103 4378 1202 4445; x_wconf 80' lang='lat' dir='ltr'>abire</span> <span class='ocrx_word' id='word_1_266' title='bbox 1236 4381 1258 4446; x_wconf 89' lang='lat' dir='ltr'>i.</span> <span class='ocrx_word' id='word_1_267' title='bbox 1286 4405 1314 4446; x_wconf 89' lang='lat' dir='ltr'>e.</span> <span class='ocrx_word' id='word_1_268' title='bbox 1341 4379 1428 4446; x_wconf 73' lang='lat' dir='ltr'>llaec</span> <span class='ocrx_word' id='word_1_269' title='bbox 1455 4401 1500 4444; x_wconf 77' lang='lat' dir='ltr'>ex</span> <span class='ocrx_word' id='word_1_270' title='bbox 1535 4376 1602 4442; x_wconf 80' lang='lat' dir='ltr'>illis</span> <span class='ocrx_word' id='word_1_271' title='bbox 1627 4373 1795 4458; x_wconf 85' lang='lat' dir='ltr'>formari,</span> <span class='ocrx_word' id='word_1_272' title='bbox 1837 4373 2038 4465; x_wconf 85' lang='lat' dir='ltr'>praecipue</span> <span class='ocrx_word' id='word_1_273' title='bbox 2068 4376 2095 4443; x_wconf 90' lang='lat' dir='ltr'>si</span> 
     </span>
     <span class='ocr_line' id='line_1_29' title="bbox 512 4507 2097 4607; baseline -0.003 -23"><span class='ocrx_word' id='word_1_274' title='bbox 512 4519 549 4584; x_wconf 92' lang='lat' dir='ltr'>in</span> <span class='ocrx_word' id='word_1_275' title='bbox 575 4515 766 4606; x_wconf 86' lang='lat' dir='ltr'>imbryone</span> <span class='ocrx_word' id='word_1_276' title='bbox 791 4525 825 4580; x_wconf 92' lang='lat' dir='ltr'>et</span> <span class='ocrx_word' id='word_1_277' title='bbox 849 4513 983 4581; x_wconf 87' lang='lat' dir='ltr'>infante</span> <span class='ocrx_word' id='word_1_278' title='bbox 1011 4539 1133 4583; x_wconf 87' lang='lat' dir='ltr'>reeens</span> <span class='ocrx_word' id='word_1_279' title='bbox 1168 4527 1249 4583; x_wconf 88' lang='lat' dir='ltr'>nata</span> <span class='ocrx_word' id='word_1_280' title='bbox 1279 4539 1408 4607; x_wconf 87' lang='lat' dir='ltr'>eorpus</span> <span class='ocrx_word' id='word_1_281' title='bbox 1433 4515 1518 4582; x_wconf 90' lang='lat' dir='ltr'>illml</span> <span class='ocrx_word' id='word_1_282' title='bbox 1545 4512 1709 4581; x_wconf 87' lang='lat' dir='ltr'>conicum</span> <span class='ocrx_word' id='word_1_283' title='bbox 1736 4536 1757 4578; x_wconf 92' lang='lat' dir='ltr'>a</span> <span class='ocrx_word' id='word_1_284' title='bbox 1789 4507 2097 4580; x_wconf 87' lang='lat' dir='ltr'>Rosenmuellcro</span> 
     </span>
    </p>
   </div>
   <div class='ocr_carea' id='block_1_8' title="bbox 512 4647 2099 4746">
    <p class='ocr_par' dir='ltr' id='par_1_9' title="bbox 512 4647 2099 4746">
     <span class='ocr_line' id='line_1_30' title="bbox 512 4647 2099 4746; baseline 0.001 -28"><span class='ocrx_word' id='word_1_285' title='bbox 512 4651 670 4744; x_wconf 89' lang='lat' dir='ltr'>primum</span> <span class='ocrx_word' id='word_1_286' title='bbox 696 4651 924 4722; x_wconf 88' lang='lat' dir='ltr'>observatum</span> <span class='ocrx_word' id='word_1_287' title='bbox 954 4677 1036 4722; x_wconf 81' lang='lat' dir='ltr'>omn</span> <span class='ocrx_word' id='word_1_288' title='bbox 1063 4654 1320 4746; x_wconf 66' lang='lat' dir='ltr'>epydidymide</span> <span class='ocrx_word' id='word_1_289' title='bbox 1349 4651 1585 4729; x_wconf 84' lang='lat' dir='ltr'>conseramus.</span> <span class='ocrx_word' id='word_1_290' title='bbox 1635 4649 1722 4717; x_wconf 89' lang='lat' dir='ltr'>ldeo</span> <span class='ocrx_word' id='word_1_291' title='bbox 1754 4656 1886 4718; x_wconf 84' lang='lat' dir='ltr'>statum</span> <span class='ocrx_word' id='word_1_292' title='bbox 1914 4647 2008 4718; x_wconf 81' lang='lat' dir='ltr'>illud</span> <span class='ocrx_word' id='word_1_293' title='bbox 2037 4648 2099 4719; x_wconf 83' lang='lat' dir='ltr'>in-</span> 
     </span>
    </p>
   </div>
   <div class='ocr_carea' id='block_1_9' title="bbox 0 0 2258 5710">
    <p class='ocr_par' dir='ltr' id='par_1_10' title="bbox 0 0 2258 5710">
     <span class='ocr_line' id='line_1_31' title="bbox 0 0 2258 5710; baseline 0 0"><span class='ocrx_word' id='word_1_294' title='bbox 0 0 2258 5710; x_wconf 95' lang='lat' dir='ltr'> </span> 
     </span>
    </p>
   </div>
  </div>
 </body>
</html>
