4334 5716
1721 531 1788 588 vu

203 729 431 814 clariorem
468 713 765 832 cognitionem
811 709 865 802 do
908 707 1364 830 hermaphroditornm
1401 709 1558 824 natura
1593 716 1787 830 acquiro

195 983 312 1042 rem.
398 954 546 1037 Casus·
580 945 689 1032 mihi
737 944 900 1031 obtulit
949 943 1212 1060 exemplaria
1264 935 1709 1058 hermaplnoditismi
1743 971 1789 1054 qt

207 1182 510 1306 aphroditismi
537 1177 734 1288 insignia,
764 1173 877 1290 quae
907 1178 1201 1295 curiositatem
1230 1185 1373 1260 meam
1390 1173 1445 1258 ad
1474 1173 1560 1260 hoc
1595 1176 1790 1284 studium

208 1412 462 1533 praeprimis
497 1407 739 1492 alliserunt.
776 1401 951 1490 'Multis
994 1405 1121 1498 bortis
1167 1405 1378 1520 malisque
1417 1407 1640 1522 perlectis,
1686 1407 1791 1494 hinc

210 1664 256 1728 et
288 1639 391 1757 inde
426 1637 618 1721 collectis
665 1617 1104 1754 contemplationem,
1149 1663 1421 1750 casuumque
1453 1635 1791 1722 observationes

207 1870 342 1957 modo
381 1869 598 1986 praesenti
630 1865 840 1951 ordinavi.
887 1849 1099 1950 'incurius
1138 1879 1261 1949 nunc'
1292 1864 1412 1950 huuc
1449 1863 1646 1950 laborem
1682 1865 1794 1986 pub·

210 2104 296 2186 lico
326 2097 473 2200 trado;
502 2117 646 2180 sumat
675 2100 861 2210 quisque
891 2123 1137 2200 sum-nune
1165 2116 1312 2180 tamen
1338 2114 1446 2178 sunt
1474 2071 1654 2210 qnoque
1683 2123 1792 2184 men,
1917 2163 1923 2174 .
1990 2081 1995 2088 ’

210 2328 412 2444 Quisque
440 2323 655 2408 lectorum
683 2341 830 2439 tamen
859 2319 1079 2430 fatebitur,
1108 2352 1179 2406 me
1202 2350 1294 2408 non
1320 2340 1495 2412 tanturn
1521 2322 1794 2438 compilasse,

208 2553 288 2642 sed
316 2558 463 2672 ipsum
488 2553 717 2665 cogitasse.
736 2570 871 2670 atque
905 2551 1167 2638 observasse.
1225 2551 1465 2642 Claridrem
1493 2554 1792 2666 coguitionem

211 2785 268 2870 de
309 2783 391 2868 hac
432 2783 612 2868 materia
657 2800 805 2866 autem
845 2784 1079 2898 praecipue
1116 2761 1318 2864 litteris
1347 2751 1582 2870 fratrum
1610 2779 1796 2864 Melsel
1895 2837 1903 2890 ·.

175 3078 178 3088 .
213 3009 380 3110 debeO,
412 3007 575 3122 quibus
606 2987 703 3090 heic
732 3007 908 3128 publice
933 3013 1092 3134 gratias
1131 2945 1227 3120 rugo,
1286 3009 1440 3094 Solum
1469 3037 1624 3129 precor
1658 2991 1803 3120 ‚lecross

213 3265 308 3322 rem
333 3232 622 3338 benevolum,
649 3249 704 3312 ut
730 3259 894 3314 errores
936 3230 1149 3315 indicatos
1185 3261 1289 3314 cum
1319 3177 1411 3317 nori
1440 3233 1639 3318 indicatis
1666 3239 1820 3318 cono

215 3485 300 3579 gat.
360 3463 526 3561 Forsan
562 3461 765 3576 quisnam
800 3459 906 3546 'ltine
945 3435 1048 3546 inde
1091 3489 1163 3542 me
1202 3431 1425 3545 excusaret
1456 3463 1796 3576 quodammode,

213 3698 260 3792 si,
282 3691 492 3797 dicerem,
534 3619 755 3806 'tempore
781 3689 1074 3806 impressionis
1119 3693 1206 3791 jam
1245 3693 1443 3814 inceptae
1470 3689 1797 3825 denimprovi'so

221 3920 390 4058 laoores
424 3919 668 4004 cumulatos
713 3870 859 4003 oiiicia
895 3949 1014 4052 nova
1053 3939 1136 4007 eto.
1173 3949 1243 4004 me
1283 3919 1561 4006 vehementer
1587 3923 1799 4030 turbasse,

220 4157 282 4240 ita
310 4171 364 4236 ut
391 4147 568 4234 tandem
601 4151 978 4240 continuationem
1014 4149 1146 4253 hujus
1180 4147 1348 4234 laboris
1378 4180 1457 4266 per
1483 4151 1665 4264 tongum
1693 4171 1799 4236 tem·

223 4411 307 4499 pus
336 4381 518 4466 omnino
544 4355 788 4472 destituere
812 4401 988 4468 coactus
1017 4376 1200 4487 fuerim,
1238 4347 1474 4497 praecipue
1513 4409 1617 4465 cum
1654 4377 1800 4466 adhue

224 4608 439 4730 quaedam
474 4611 738 4730 exemplaria
770 4615 1052 4732 accepissem,
1099 4641 1214 4727 quae
1250 4609 1351 4698 heic
1384 4607 1531 4696 adhuc
1565 4606 1801 4724 adjungere
