4390 5710
848 401 1082 448 wlff-e*
1696 353 1742 482 ⁷1

167 591 285 663 forma
309 615 431 702 jqrrsm
471 591 609 664 iunctio
651 575 776 666 eorum
810 603 970 666 unietur
1001 604 1037 666 et
1070 565 1294 666 indiiiduum
1326 591 1449 688 generi
1482 587 1600 662 alieno
1625 584 1743 658 simile

165 729 356 819 reddatur,
384 733 467 822 quic
492 753 627 828 organa
655 731 825 820 seruulis,
852 731 905 800 uti
929 753 1039 825 supra
1063 730 1232 819 vidimus,
1256 755 1332 826 per·
1348 753 1472 802 omnes
1495 724 1742 798 mammnlium

166 863 303 935 formes
326 867 551 937 solummodo
578 865 718 936 ratione
744 865 876 958 gradus
899 867 1134 970 perfectionis
1157 831 1341 942 differunl.
1391 867 1529 962 Opinio
1554 865 1645 934 haec
1669 883 1743 932 ex·

165 995 343 1092 parientia
375 1001 643 1108 comprobalur.
691 1001 897 1074 Invenimus
930 987 1146 1096 quandoque
1177 1027 1305 1075 revera
1339 1005 1376 1074 in
1409 1001 1562 1075 diversis
1592 993 1744 1069 humani

165 1139 309 1230 generis
335 1137 530 1208 individuis
557 1141 673 1210 varias
698 1139 834 1209 iormas
864 1139 1064 1210 excessivos
1088 1151 1151 1208 aut
1176 1105 1389 1232 defectivas,
1429 1135 1646 1210 alienatione
1676 1130 1740 1202 ui·-

167 1295 228 1342 sus
252 1274 431 1344 formuthi
458 1285 573 1365 ortas,
607 1297 700 1369 quae¹
724 1275 835 1344 totius
860 1251 1023 1368 corporis
1054 1275 1179 1346 habitu
1211 1280 1249 1346 iu
1276 1301 1347 1346 una
1379 1276 1516 1346 ultrave
1550 1271 1624 1362 ‘ejus
1648 1277 1742 1338 tan-

167 1415 245 1476 tum
283 1419 386 1499 purte
418 1410 630 1481 inferiorem
661 1407 817 1480 formem
850 1411 1017 1482 animalis
1048 1410 1233 1500 cujusdam
1267 1413 1487 1506 exprimunt.
1534 1405 1744 1509 Invenimus

147 1506 375 1633 ‘individum
402 1567 555 1636 quornm
578 1568 716 1638 organa
741 1548 885 1640 organis
915 1547 1056 1640 generis
1080 1547 1189 1620 alieni
1219 1547 1360 1618 ratione
1390 1549 1522 1640 gradrm
1545 1527 1759 1614 tirannio--

165 1679 223 1750 nis
248 1681 502 1752 conveniunt·
527 1679 606 1754 Etsi
631 1693 753 1752 autern
785 1685 824 1752 in
854 1683 1105 1754 memmalibus
1136 1685 1174 1756 iu
1199 1709 1273 1756 uno
1304 1684 1432 1754 eodem
1462 1679 1650 1754 indiuiduo
1681 1673 1744 1748 al·.

167 1819 339 1888 terutrius
363 1839 470 1890 sexus
493 1787 718 1890 characteres
740 1829 880 1892 tautum
912 1831 1125 1910 occurrunt,
1161 1822 1243 1915 pari
1268 1806 1377 1892 modo
1401 1793 1532 1890 'timeu
1566 1837 1640 1886 non
1665 1809 1741 1882 mi-

168 1973 236 2024 nus
262 1975 388 2024 verum
414 1953 548 2042 estsiu
574 1975 646 2022 uno
673 1955 811 2026 citrove
841 1955 1029 2026 individuo
1055 1957 1237 2046 humano,
1269 1967 1332 2027 aut
1362 1951 1607 2026 mammalium
1634 1967 1744 2042 geue-

168 2089 218 2156 ris
243 2097 369 2158 contra
393 2085 554 2180 regulam
579 2096 801 2158 constantem
824 2085 967 2162 diiersa
993 2070 1297 2183 utriusquesexus
1323 2111 1459 2183 organa
1481 2084 1587 2158 umal
1612 2049 1745 2156 oholai.

83 2305 86 2316 ¹
168 2223 308 2296 Causae
332 2235 369 2294 ct
390 2222 551 2294 rationes
575 2199 820 2330 cujuscunque
842 2221 924 2293 talis
952 2225 1123 2318 producti
1158 2223 1369 2296 innormalis
1392 2223 1449 2297 rel
1475 2221 1658 2294 excessivo
1683 2213 1743 2290 vel

128 2364 132 2373 '
168 2361 347 2434 delectivo
379 2359 460 2430 uisu
491 2353 687 2430 iormativo
720 2357 810 2450 orti,
849 2339 1073 2432 solummodo
1106 2367 1146 2432 in
1174 2373 1303 2432 natura
1333 2360 1520 2454 generanti
1550 2350 1746 2428 universali

167 2496 448 2592 perspiciuntur.
520 2493 704 2590 Quodque
747 2493 965 2586 productum
1000 2519 1021 2566 e
1052 2497 1173 2568 fluidis
1206 2508 1243 2569 et
1272 2493 1419 2570 infimae
1461 2489 1747 2588 orgarsisetioncs
1782 2573 1790 2588 ,

167 2647 296 2732 sponte
317 2637 511 2729 prodeunt,
534 2629 619 2702 huic
638 2630 747 2706 statui
772 2632 1016 2723 generationis
1037 2635 1232 2706 universali
1256 2633 1476 2706 inhumano
1500 2649 1633 2724 genere
1658 2647 1747 2694 rno-

167 2775 226 2846 lae
251 2777 552 2864 correspondent5
577 2787 668 2858 quae
693 2775 813 2836 autem
838 2769 985 2860 paulum
1012 2769 1159 2840 altiores
1183 2781 1266 2840 aunt
1291 2769 1508 2855 collocatae,
1532 2757 1748 2858 genitalibus

171 2923 291 2982 tamen
318 2927 391 2976 non
422 2911 690 2998 propagantur,
728 2901 790 2972 sed
823 2879 1048 2974 individuum
1082 2906 1251 2998 quodque
1287 2928 1399 2998 genus
1430 2924 1535 2974 suurn
1566 2921 1641 2970 non
1674 2895 1747 2966 alio

171 3047 280 3118 modo
308 3007 349 3112 ao
374 3038 564 3132 proprium
589 3057 723 3126 corpus
746 3043 778 3108 e.
803 3059 837 3128 g.
860 3058 929 3128 per
953 3037 1109 3110 stolones
1139 3041 1299 3134 plurium
1325 3041 1548 3134 plantarum,
1585 3023 1653 3104 aut'
1670 3053 1747 3124 po-

169 3193 341 3277 lyporum
374 3145 659 3264 aqtiniarumque
689 3162 797 3240 ruodo
828 3173 1016 3262 producit,
1056 3175 1141 3246 huic
1171 3175 1405 3249 animantium
1426 3172 1547 3242 'classi
1584 3165 1748 3240 membra

172 3317 355 3416 superflua
381 3306 682 3400 correspondent.·
703 3307 819 3376 .Dein
846 3331 981 3402 organa
1005 3311 1155 3403 propria
1180 3313 1216 3382 vi
1241 3296 1533 3405 reproductiunis
1559 3301 1748 3400 genericae

174 3413 337 3556 praedita
373 3452 571 3540 apparent,
604 3463 705 3532 epuae
747 3437 868 3512 autern
908 3443 982 3516 vim
1018 3443 1261 3520 fructificandi
1302 3445 1598 3540 producendique
1633 3433 1748 3530 [dmul

176 3593 380 3692 continent,
406 3581 459 3650 uti
484 3579 521 3648 in
547 3559 697 3671 echinis,
722 3579 878 3670 asteriis,
901 3579 1060 3672 ipsisque
1086 3581 1265 3652 molluscis
1290 3579 1493 3673 acephalis,
1519 3577 1582 3650 ubi
1609 3571 1749 3644 utrius-

179 3753 249 3826 que
280 3743 386 3796 sexus
418 3737 579 3808 organon
617 3739 809 3788 commune
840 3716 956 3788 ororii
993 3703 1148 3786 ferinam
1183 3717 1403 3810 praesefert,·
1442 3716 1531 3786 haec
1562 3709 1750 3784 individua

107 3925 110 3932 .
151 3853 465 3956 .hermaphroditi
494 3851 564 3922 sibi
595 3852 665 3946 ipsi
698 3837 915 3926 sufficientes
943 3853 1195 3943 nominentur,
1233 3877 1322 3946 quos
1352 3863 1493 3934 autem,
1533 3873 1618 3922 cum
1644 3867 1751 3916 verus

178 4023 286 4078 sexus
316 3989 541 4066 solummodo
573 3989 764 4083 perspicus
794 3989 971 4060 divisione
1002 3989 1169 4082 polorum
1197 4013 1346 4066 suorum
1377 3991 1627 4088 oppositorum
1657 4003 1751 4052 con-

179 4133 358 4220 stituitur,
395 4135 433 4198 et
461 4125 507 4196 ad
537 4145 663 4196 verum
692 4123 1031 4218 hermaphroditum
1066 4125 1253 4228 utriusque
1277 4149 1384 4200 sexus
1406 4135 1590 4220 potentem
1616 4135 1753 4210 organa

181 4295 307 4350 eorum
338 4265 481 4338 diversa
512 4261 552 4332 in
587 4285 665 4340 uno,
695 4262 895 4356 eodemque
929 4261 1117 4336 individuo
1155 4264 1409 4355 requiruntur,
1447 4261 1569 4357 potius
1599 4255 1751 4326 herma·
1832 4257 1837 4268 '

180 4407 372 4522 phroditos
395 4397 640 4494 aphroditicos
664 4397 847 4492 appellare
878 4399 974 4470 licet.
1024 4397 1156 4470 Postea
1182 4401 1218 4472 in
1236 4402 1330 4474 serie
1354 4417 1571 4492 organorum
1596 4409 1754 4484 genera·

66 4615 71 4620 .
183 4545 294 4622 tionis
328 4537 617 4633 hermaphroditi
650 4535 839 4628 utriusque
878 4557 985 4606 sexus
1013 4525 1182 4630 puteales
1210 4549 1248 4610 et
1277 4535 1422 4632 organis
1451 4533 1639 4624 utriusque
1674 4523 1765 4614 ejus·
