4390 5710
437 479 486 555 88
1115 479 1330 532 wetst-

437 679 555 749 exitus
580 678 747 766 raginam
769 662 906 738 'referre
932 665 1134 738 ridebatur.
1186 666 1391 734 Obserratu
1419 661 1566 755 dignum
1593 667 1665 752 est',
1697 661 1766 730 hoe
1793 658 2018 731 individuum

435 839 620 905 nunquam
648 823 829 880 menstrua
855 805 1003 888 vidisse,
1030 805 1113 872 licet
1139 801 1209 891 jam
1237 827 1369 870 annum
1398 803 1709 892 quadragesimum
1738 799 1923 886 attigerat,
1951 821 2026 866 nee

438 976 508 1046 que
542 975 631 1041 quae
664 945 864 1042 suppressis
894 942 1099 1012 menstruis·
1131 941 1220 1009 oriri
1255 940 1439 1010 ordinario
1474 938 1609 1029 solent,
1648 935 1828 1004 molestias
1860 957 2020 1026 unquam

436 1088 664 1184 persensisse.
703 1131 711 1179 ς

537 1383 655 1454 Maria
681 1379 870 1449 Dorothea
895 1376 1047 1446 Derrier
1071 1375 1146 1446 sire
1163 1375 1315 1444 Carolus
1340 1375 1485 1465 Doerge
1511 1397 1574 1444 sen
1600 1372 1748 1463 Dnerge
1767 1368 2019 1455 Berolinensis,·

438 1545 502 1593 seu
541 1518 978 1588 Potulamensis'nostris
1022 1514 1247 1604 temporibus
1286 1534 1350 1602 prr
1398 1514 1554 1580 dirersas
1595 1510 1812 1578 Germaniae
1852 1506 2015 1594 regiones
2052 1541 2055 1548 ·

439 1659 612 1728 oberrans
645 1679 664 1720 a
699 1655 785 1722 riris
826 1652 911 1718 artis
943 1653 1103 1718 medicae
1137 1649 1360 1740 peritijsimis
1396 1647 1461 1714 luit
1495 1647 1703 1716 observatus
1740 1656 1774 1710 et
1808 1641 2016 1730 descriptus,

437 1794 534 1864 Eum
561 1813 703 1882 quoque
729 1785 962 1869 liaulislarti,
990 1785 1049 1851 ubi
1077 1808 1113 1851 su
1140 1783 1281 1872 publice
1306 1784 1574 1867 (lerneustrarit,
1604 1783 1656 1847 bis
1683 1781 1753 1846 ridi
1781 1799 1909 1867 nempe
1935 1799 2016 1842 anu.

443 1935 536 2019 1807
565 1939 600 1993 et
632 1927 742 2010 raon,
779 1946 848 2011 quo
875 1922 911 1985 in
939 1921 1064 1986 ultimo
1101 1941 1193 1984 anno
1219 1939 1286 2007 per
1319 1919 1439 2007 plures
1471 1919 1545 1984 dies
1574 1942 1654 1986 eum
1689 1918 1751 1983 illo
1785 1921 2014 1981 conservatus

439 2091 518 2136 sum
541 2065 578 2130 in
604 2061 746 2127 theatro
781 2055 1002 2140 anatomieo,
1044 2051 1105 2118 ubi
1144 2053 1267 2142 figuris
1299 2054 1442 2142 gypseis
1476 2053 1673 2120 formandis
1707 2062 1903 2138 occupatus
1934 2045 2015 2119 suit.

438 2201 522 2276 Hoc
549 2197 771 2265 indiuiduam
799 2203 934 2258 statura
961 2211 1092 2278 parra,
1119 2189 1282 2278 eorporis
1308 2187 1431 2254 babitu
1459 2189 1542 2253 exili
1570 2202 1604 2255 et
1630 2201 1752 2254 tenero
1780 2188 1863 2253 lieet
1889 2183 2017 2250 soemi·

440 2360 508 2406 nae
534 2332 706 2423 propior,
748 2351 871 2397 racem
899 2337 1019 2392 tamen
1055 2323 1168 2391 edidit
1202 2347 1368 2391 sonoram
1396 2335 1430 2389 et
1462 2325 1694 2391 adolescentis
1734 2325 1845 2388 instar
1881 2318 2014 2409 primus

438 2465 659 2542 monstrubat
701 2466 736 2531 in
779 2474 899 2530 mento
942 2458 1076 2524 barbae
1112 2458 1316 2547 lanugines,
1360 2458 1576 2525 lineamenta
1616 2471 1650 2526 et
1689 2459 1804 2528 rultus
1843 2454 2016 2543 juveniles

438 2602 666 2699 praetulerit,
693 2595 906 2689 protuberat
931 2594 968 2657 in
996 2593 1086 2657 collo
1113 2593 1262 2681 laryux,
1297 2595 1454 2660 subsidet
1487 2620 1662 2664 mmmnue
1696 2619 1825 2685 eorpus
1858 2591 2015 2681 glandu-

437 2740 571 2826 losum,
599 2756 770 2801 mammas
797 2729 918 2798 ririlrs
945 2750 1016 2795 non
1051 2727 1202 2792 multum
1235 2730 1421 2796 excedens.
1474 2731 1579 2798 Mons
1609 2733 1748 2799 veneris
1774 2730 1856 2820 pilis
1882 2726 2016 2794 obsitus

438 2887 536 2962 erat,
569 2871 665 2941 unde
691 2867 792 2962 penis
820 2863 1073 2954 imperlbratus
1106 2867 1195 2929 duos
1221 2889 1301 2931 eum
1331 2866 1479 2932 dimidio
1513 2868 1660 2958 pollices
1685 2869 1810 2954 longus
1845 2864 2015 2948 surrexit,

438 3012 501 3103 qui
528 3020 686 3079 erreetus
713 3004 756 3071 ad
786 3015 855 3069 tres
884 3001 1012 3087 digitos
1039 3009 1074 3066 et
1100 3001 1193 3065 ultra
1228 3002 1429 3068 accedebat.
1481 3002 1624 3068 Glande
1660 3012 1829 3087 coronata
1857 3001 2015 3066 iustrue-

435 3159 495 3216 tus
527 3155 621 3232 erat,
663 3165 754 3232 quae
793 3137 984 3229 praeputio
1018 3157 1149 3226 rugoso
1186 3136 1423 3224 cingebatur,
1490 3139 1585 3226 qnod
1619 3140 1818 3204 adtractum
1852 3137 2014 3226 glandem

437 3302 580 3350 omnem
607 3277 753 3363 obtegit.
806 3271 1077 3336 tlbserrabatur
1117 3281 1152 3334 et
1186 3271 1242 3335 lrie
1277 3273 1358 3336 ostii
1394 3277 1535 3337 cutanei
1570 3298 1700 3362 arrerps
1733 3274 1941 3362 uestigium,
1980 3281 2016 3337 et

436 3412 638 3486 lraomdum
666 3409 760 3472 iuter
785 3405 878 3472 labio
906 3406 1071 3471 serotalia
1097 3404 1143 3470 ad
1169 3405 1377 3494 perinaeum
1400 3431 1511 3497 usque
1538 3411 1777 3476 terminatum.
1829 3407 1871 3476 In
1897 3406 2014 3474 medio

436 3548 539 3637 hujus
565 3543 717 3613 liaerudi
745 3540 923 3607 orificium
950 3541 1086 3630 liutuit,
1121 3538 1218 3626 cujus
1245 3541 1418 3611 diameter
1445 3546 1631 3611 dimidium
1660 3545 1824 3635 pollicem
1853 3543 1915 3612 rix
1942 3564 2013 3610 non

436 3685 573 3774 attigit,
603 3706 648 3750 ex
674 3681 742 3747 lioo
769 3677 860 3744 ostio
888 3676 1049 3762 urinam,
1077 3678 1284 3763 sanguinem
1313 3681 1401 3766 quin
1424 3694 1458 3745 et
1485 3702 1665 3746 mucosum
1694 3679 1881 3746 materiem
1908 3678 2014 3746 elliu-

436 3821 530 3890 xisse
555 3820 631 3909 ipse
658 3826 804 3884 testatus
832 3812 918 3899 tan,
943 3833 1124 3899 uunquam
1152 3811 1296 3878 dolores
1322 3824 1542 3910 menstruum
1570 3816 1638 3882 suit
1664 3835 1870 3906 perpessus,
1914 3811 2014 3880 sexui

435 3953 533 4023 ririli
559 3977 594 4020 se
621 3951 838 4036 associebat,
872 3947 936 4014 etsi
965 3971 1123 4013 amorem
1150 3949 1185 4012 in
1213 3972 1336 4016 sexum
1365 3952 1568 4040 sequiorem
1605 3953 1743 4038 sentiit,
1780 3947 1869 4020 milii
1889 3949 2012 4016 -multa

435 4089 597 4164 narravit
625 4089 668 4153 do
687 4086 806 4177 pudla
834 4083 988 4171 (pradum
1016 4084 1242 4152 Beroliueusi
1269 4086 1304 4152 iu
1332 4087 1458 4156 iisdem
1484 4089 1633 4160 aedibus
1660 4111 1742 4158 cum
1773 4086 1834 4157 illo
1860 4083 2010 4179 degenti,

436 4252 544 4322 quam
571 4223 745 4295 amavisse
773 4219 840 4288 luit
866 4218 1060 4310 professus.

531 4525 645 4595 Primi
686 4520 815 4613 gradus
857 4538 959 4586 sexus
987 4515 1171 4589 muliebris
1203 4521 1240 4589 in
1274 4531 1488 4592 structuram
1519 4523 1739 4596 excessiram
1772 4519 1931 4594 masculo
1956 4519 2012 4592 si·-⁴

434 4661 554 4735 utilem
594 4657 793 4729 aberrantis
833 4656 1031 4727 Clauderns
1068 4657 1213 4725 adducit
1239 4659 1544 4748 observationem,
1577 4662 1639 4731 ubi
1666 4663 1820 4756 genitale
1852 4659 2010 4731 mulieris
