4390 5710
838 469 1052 530 ’Ν
1642 511 1648 518 .
1699 455 1749 538 es

273 657 392 728 Faber
431 655 543 730 refert
565 639 767 726 ¹historiam
798 665 1016 748 sequentem.
1091 649 1246 728 Vivebat
1280 655 1421 732 Romae
1454 661 1519 736 sub
1553 661 1749 740 clementis

56 873 61 880 ¹
166 793 274 866 Vlll.
299 795 510 887 pontificatu
542 793 799 886 pharmacopei
833 793 928 882 filia,
971 814 1064 883 quae
1096 795 1313 884 mentulam,
1357 801 1501 870 testium
1542 803 1750 872 rudimenta

169 944 210 1004 ct
236 933 394 1002 canalem
420 929 590 1000 urethrae
615 929 788 1023 vaginulis
813 913 998 1018 cujusdam
1030 927 1097 998 sub
1133 930 1297 1020 partibus
1329 935 1533 1006 masculinis
1565 947 1753 1008 monstra-⁴

170 1070 238 1140 vit.
286 1067 393 1136 Anno
431 1069 474 1138 ιδ
508 1088 593 1135 stiae
626 1069 752 1134 aetatis
783 1067 901 1137 subito
939 1075 976 1136 et
1008 1065 1205 1156 derepente
1237 1067 1344 1140 urina
1383 1069 1437 1140 illi
1459 1073 1750 1165 'suprimebatur,

170 1207 271 1274 sende
297 1205 439 1288 dolores
463 1205 625 1294 ingentes
647 1209 714 1312 p'er
749 1199 898 1272 biduum
932 1199 1126 1270 ciebantur.
1175 1199 1296 1272 Meter
1338 1207 1505 1298 vaginam
1537 1207 1658 1298 digitis
1687 1205 1750 1276 in·
1789 1163 1795 1170 ⁸

171 1345 354 1444 vestigans
381 1337 518 1408 obicem
545 1338 680 1428 detegit
707 1337 961 1428 cartilaginoso
985 1331 1131 1404 duritiei
1149 1345 1341 1428 tumorem,
1368 1345 1428 1433 qui
1455 1343 1652 1435 prolluenti
1677 1341 1752 1410 uri·

172 1503 243 1552 trae
268 1483 446 1546 remoram
470 1472 635 1544 iaciebat.
688 1471 886 1544 Arcessitus
911 1473 1098 1563 chirurgus
1130 1473 1259 1565 penem
1293 1475 1493 1567 longiorem
1518 1479 1653 1548 sactum
1680 1477 1753 1546 ob-

172 1637 342 1702 servans,
373 1621 493 1701 partes
519 1582 687 1678 feruentia
714 1607 976 1678 emollientibus
999 1617 1176 1698 tractans,
1210 1609 1399 1702 ipsumque
1426 1613 1628 1684 membrum
1654 1609 1753 1680 leni-

173 1765 232 1826 ter
258 1772 496 1840 conquassans
521 1745 647 1832 efficit,
691 1747 912 1838 uttmarcime
945 1745 1071 1812 urinae
1097 1746 1202 1836 copia
1236 1769 1302 1836 per
1327 1746 1442 1838 ipsum
1468 1745 1599 1840 peneni
1624 1747 1768 1846 elllueq
1857 1835 1861 1844 ¹

174 1903 246 1964 ret.
300 1887 371 1956 llic
397 1885 472 1952 sine
499 1881 607 1950 dubio
634 1881 769 1973 duplex
796 1879 964 1950 uretlrrae
996 1879 1112 1952 virilis
1136 1881 1334 1950 rnrrsculcsa
1363 1907 1447 1974 pars
1471 1885 1507 1954 in
1533 1885 1647 1976 gradu
1670 1879 1753 1952 lor-

177 2019 534 2097 irrationisint'eviori
561 2029 700 2084 retensa
727 2018 825 2086 etin
852 2017 1002 2106 vaginae
1036 2017 1220 2084 muliebris
1255 2015 1409 2088 soritium
1449 2019 1604 2088 alienata
1636 2021 1754 2086 exsti-

179 2163 245 2250 tit,
288 2155 394 2228 simul
440 2163 559 2220 autem
599 2149 766 2220 urcthrae
799 2157 939 2262 partem
973 2131 1202 2250 asrterioremj
1226 2163 1258 2218 et
1291 2117 1521 2242 spongiosam
1562 2151 1754 2224 formatam

180 2299 326 2392 quidem
352 2292 415 2360 sed
441 2288 486 2356 ob
513 2286 740 2377 congenitam
765 2285 921 2354 fistulam
953 2285 1130 2356 urinalem
1154 2289 1193 2354 in
1223 2285 1415 2358 anterioris
1449 2284 1619 2358 uretbrae
1650 2305 1754 2357 mtte-

183 2432 314 2508 culnris
340 2447 534 2518 numquam
561 2423 674 2490 urinis
698 2432 922 2516 permeatam
947 2405 1077 2514 foisse,
1100 2431 1202 2514 puto.

281 2663 467 2742 Taberrmi
492 2659 677 2730 historiam
704 2669 739 2726 et
765 2657 1043 2751 descriptionem
1076 2651 1266 2752 Augustini
1298 2657 1399 2732 Broli
1424 2661 1609 2732 Sensensis
1631 2655 1759 2734 relecti
1846 2678 1852 2688 '

183 2813 275 2884 Erat
301 2827 393 2898 pene
420 2797 606 2868 clitoridco
632 2797 843 2884 instructus,
882 2793 981 2882 cujus
1013 2795 1113 2888 glans
1147 2797 1340 2888 praeputio
1375 2797 1519 2887 quidem
1545 2795 1661 2865 cincta
1694 2791 1758 2863 sed

185 2941 421 3038 impersonale
445 2931 655 3024 apparebat.
703 2929 828 3002 Sulcus
852 2941 970 2998 autem
997 2930 1034 2998 in
1060 2929 1163 3022 penis
1188 2915 1352 3000 inferiori
1377 2943 1480 3024 parte
1507 2941 1542 3000 et
1568 2929 1649 3000 ostii
1676 2949 1759 2998 ure·
1815 2917 1822 2925 ¹

186 3081 289 3153 three
315 3071 455 3146 eutarici
482 3071 519 3138 in
551 3066 726 3150 labiorum
757 3063 908 3132 sormam
934 3061 1002 3130 sibi
1035 3044 1225 3154 adaptatae
1257 3076 1379 3152 erant,
1417 3066 1511 3134 inter
1544 3049 1637 3156 ajune
1667 3063 1760 3131 rima
1870 3121 1874 3142 ,

188 3215 277 3292 eutis
302 3206 464 3299 margine
489 3214 524 3272 et
558 3199 650 3270 infra
684 3199 822 3282 duabus
846 3198 950 3288 plicis
996 3199 1355 3289 nymphaesormibus
1404 3201 1521 3270 cincta
1553 3197 1760 3285 videbatur}
1803 3247 1809 3262 .

191 3312 228 3428 in
254 3321 418 3422 interiori
458 3342 571 3410 rimae
603 3335 751 3425 regione
788 3331 1045 3402 foraminulum
1077 3331 1219 3424 hiabat,
1261 3360 1334 3426 quo
1357 3347 1393 3404 et
1424 3337 1529 3404 urina
1557 3344 1589 3402 et
1618 3355 1761 3424 sperma

193 3488 341 3564 effluxit.
389 3473 565 3550 Testiculi
591 3493 663 3540 non
688 3469 792 3538 labiis
818 3467 1028 3536 scrotalibus
1059 3469 1122 3536 sed
1155 3469 1321 3540 cellulosa
1342 3445 1371 3538 'a
1400 3471 1512 3539 latere
1537 3470 1669 3540 montis
1695 3491 1763 3538 ve-

193 3628 289 3702 neris
315 3623 380 3690 sita
408 3609 693 3684 continebantur.
742 3605 784 3673 ln
812 3601 1013 3696 sequiorem
1039 3627 1163 3672 sexum
1179 3569 1349 3700 proclivis
1374 3605 1602 3674 matrimonio
1622 3625 1660 3670 se
1685 3599 1766 3688 jun·

196 3785 277 3860 gere
303 3749 522 3840 cbnrupivit,
551 3731 788 3836 quod'autem
814 3739 882 3859 ipsi
909 3739 956 3808 ob
980 3741 1189 3832 genitalium
1216 3741 1423 3810 abnormem
1450 3741 1622 3810 lirlrricam
1647 3739 1766 3806 inter-

199 3903 333 3972 dictum
358 3889 437 3959 luit.
487 3881 613 3951 Donec
638 3879 707 3950 Dr.
734 3871 857 3948 Caluri
885 3877 1000 3970 ipsum
1036 3877 1079 3944 ad
1107 3877 1239 3944 coitum
1274 3876 1463 3944 secundum
1493 3877 1646 3946 habilem
1674 3895 1768 3966 pro.

200 4027 436 4118 nuntiaverit,
478 4041 585 4110 quam
618 4015 737 4084 datum
779 4013 1058 4084 declarationem
1097 4011 1165 4082 hac
1209 4013 1403 4108 praecipue
1437 4013 1577 4081 ratione
1603 4007 1768 4094 sirllhlsit,

203 4171 296 4268 quod
323 4165 438 4234 dictus
466 4153 562 4224 Broli
589 4173 662 4218 non
684 4159 824 4218 tantum
850 4173 992 4236 sperma
1017 4148 1167 4250 testibus
1192 4139 1405 4240 secerneret,
1432 4163 1469 4218 et
1494 4157 1531 4217 et
1555 4147 1590 4218 vi
1615 4143 1770 4234 quadam

203 4293 395 4382 s'ecrmdum
419 4293 523 4390 penis
550 4287 659 4360 erecti
684 4286 918 4358 directionem
944 4283 1121 4378 ejaculare
1145 4294 1275 4378 posset.

302 4518 473 4610 Quinque
507 4507 691 4582 individua
730 4503 834 4574 nobis
866 4467 957 4578 sunt·
979 4503 1143 4601 cognita,
1184 4523 1276 4592 quae
1307 4495 1578 4568 Weitbrechtus
1615 4491 1774 4562 examini

208 4659 353 4752 subjecit
377 4653 424 4724 ob
449 4647 655 4743 genitalium
679 4643 817 4716 lormae
844 4635 1125 4732 ambiguitatem,
1149 4647 1232 4707 sunt
1258 4647 1411 4728 ‹giratuor
1436 4633 1600 4704 homiues
1619 4627 1775 4714 Sibirici,
1831 4701 1835 4710 ,
