4334 5716
450 471 501 542 40
1156 462 1370 524 itaew

453 667 694 742 inferioribus·
709 671 840 741 desunt
866 666 918 738 uti
944 664 1122 737 molluscis
1148 676 1218 738 ete.
1266 667 1449 741 Genitalia
1478 666 1655 739 intestinis
1681 668 1826 760 quoqne
1851 677 2051 740 structura

408 853 411 860 ,
452 807 746 900 parcnclrymatis
771 816 806 876 et
831 805 1036 894 functione,
1062 825 1180 894 neque
1206 803 1322 874 forma
1348 805 1484 894 solnm,
1511 816 1594 875 suut
1618 803 1767 896 simila,
1814 807 1868 874 uti
1893 803 1968 877 Alb
1996 828 2053 874 r-

452 950 510 1012 tns
537 942 732 1031 Metellus,
768 940 868 1032 cujus
907 940 1187 1032 descriptionem
1226 941 1434 1034 genitalium
1472 941 1745 1011 formandorum
1796 941 2048 1033 pedeteudim

454 1079 569 1150 secuti
600 1102 740 1168 sumtis,
766 1080 903 1170 optime
929 1076 1108 1168 exposuit,

555 1275 687 1346 Uterus
713 1273 881 1366 gravidus
906 1282 1069 1364 tempore
1096 1273 1319 1364 graviditatis
1352 1274 1470 1345 varias
1494 1273 1685 1344 ventriculi
1711 1271 1844 1342 formas
1870 1273 2048 1345 clarissi-'

456 1379 737 1504 me'pcrcurrit3
763 1419 886 1476 uterus
914 1408 1201 1478 intestiuiformis
1245 1411 1284 1478 in
1324 1411 1538 1479 animalibus
1564 1409 1794 1478 inferioribus
1827 1412 2049 1480 intumescit

454 1559 515 1618 ant
538 1545 702 1640 pluribus
727 1543 815 1613 locis
840 1544 893 1612 uti
918 1543 955 1612 iu
979 1543 1164 1614 rosoribus
1191 1545 1392 1637 multiparis
1418 1561 1480 1614 aut
1512 1569 1586 1614 uno
1611 1555 1750 1613 tantum
1776 1556 1816 1612 ut
1849 1546 1884 1616 in
1910 1548 2046 1640 pluri--¹

451 1685 520 1756 mis
543 1680 739 1774 majoribus
764 1679 996 1767 animalibus,
1035 1679 1097 1747 ubi
1131 1681 1238 1748 siuml
1268 1683 1361 1749 sacci
1395 1705 1458 1750 seu
1484 1679 1586 1750 fundi
1612 1683 1853 1751 rudimentum
1881 1683 2043 1774 aliquod

452 1819 622 1914 apparet3
655 1816 694 1884 in
720 1816 866 1885 homine
891 1827 1011 1883 antem
1044 1816 1222 1884 maximus
1248 1819 1343 1884 uteri
1375 1814 1505 1885 fundus
1539 1828 1704 1907 tempore
1736 1817 1951 1907 ginaditatis
1978 1820 2043 1888 in·

452 1955 616 2043 venitur3
642 1953 735 2022 dum*
753 1962 877 2020 uterus
901 1952 1083 2044 virgineus
1110 1952 1324 2043 praesertim
1358 1964 1440 2020 anta
1465 1953 1714 2044 pubertatem,
1748 1955 1933 2047 magisque
1962 1954 2036 2042 adg

449 2091 521 2164 linc
542 2089 700 2165 bicornis
724 2089 765 2159 in
791 2085 1007 2180 embryone‚
1032 2086 1138 2179 longe
1164 2085 1374 2157 inferiorem
1401 2087 1656 2159 scrutationem
1683 2088 1848 2159 ostendit.
2122 2102 2125 2159 t

548 2285 732 2358 Genitalis
756 2283 950 2355 masculina
977 2285 1122 2375 quidem
1149 2284 1274 2352 eodem
1300 2282 1377 2354 sere
1402 2288 1455 2354 uti
1490 2286 1686 2356 foeminina
1711 2287 1889 2358 intestinis
1921 2288 2038 2358 simili

449 2423 560 2497 modo
586 2421 809 2508 formantur,
841 2421 904 2488 sed
931 2421 975 2488 ab
1002 2421 1177 2488 intestinis
1201 2420 1274 2508 jam
1299 2421 1410 2491 multo
1436 2423 1548 2514 magis
1572 2420 1690 2492 forma
1714 2424 1909 2514 disparent.
1959 2423 2036 2494 Vi·

447 2562 531 2633 rilia
557 2559 603 2627 ad
631 2554 822 2624 muliebria
847 2555 899 2624 ita
924 2579 962 2625 se
987 2555 1139 2652 habent,
1176 2558 1229 2625 uti
1261 2556 1349 2626 liaec
1373 2557 1418 2626 ad
1442 2559 1623 2634 intestina.
1673 2560 1856 2630 Genitalis
1888 2559 2035 2632 sacnti.

447 2699 536 2771 nina
560 2691 739 2765 intestinis
779 2692 1023 2762 contractiora
1054 2692 1106 2760 ita
1137 2715 1279 2784 quoque
1312 2663 1508 2764 masculina
1541 2697 1656 2788 magis
1687 2719 1793 2788 quam
1825 2696 2034 2770 foeminina

444 2844 527 2908 sunt
566 2837 759 2902 coarctata.
810 2827 993 2900 Genitalis
1030 2830 1227 2900 masculina
1263 2829 1463 2900 verstrieulo
1509 2842 1546 2899 ct
1585 2830 1763 2900 intestinis
1799 2835 2033 2908 tenuioribus

445 2995 528 3044 cnm
553 2991 678 3039 eorum
703 2965 879 3058 glandulis
913 2966 1082 3054 annexis3
1117 2964 1307 3036 muliebria
1345 2977 1464 3033 antem
1492 2968 1660 3038 intestino
1694 2991 1802 3037 coeco
1836 2993 1916 3040 cum
1949 2975 2032 3063 ejus

444 3103 704 3206 appendicibus
730 3111 767 3170 et
791 3101 970 3174 intestinis
995 3103 1122 3173 crassis
1148 3126 1229 3171 eum
1255 3122 1380 3170 corum
1406 3100 1561 3171 liaustris
1586 3105 1699 3195 magis
1725 3110 2028 3200 correspondent.

542 3300 611 3370 Uti
640 3297 755 3386 hepar
788 3319 856 3386 pro
896 3299 1019 3366 canale
1053 3295 1248 3365 intestiuali
1277 3297 1328 3366 ita
1359 3319 1501 3388 quoque
1524 3296 1678 3365 testiculi
1704 3321 1772 3390 pro
1807 3301 2029 3393 genitalibus

444 3447 526 3512 sant
557 3434 698 3529 primae
729 3430 980 3522 glandularum
1020 3433 1272 3522 formationes,
1319 3457 1411 3526 quae
1443 3433 1480 3500 iu
1514 3431 1714 3523 embryone
1746 3448 1781 3505 et
1813 3437 2031 3534 animalium

445 3576 537 3649 serie·
558 3567 774 3642 ascendente
806 3579 994 3659 apparent.
1042 3568 1215 3638 Testiculi
1249 3580 1284 3638 et
1310 3571 1435 3642 oraria
1461 3592 1480 3640 e
1506 3569 1652 3660 genitali
1686 3573 1871 3662 primitivo
1903 3597 2028 3666 parvo

444 3711 548 3781 initio
575 3713 806 3796 excrescunt3
840 3703 963 3774 avaria
990 3715 1109 3774 autem
1134 3706 1286 3778 femellis
1321 3710 1471 3800 propria
1496 3705 1585 3774 nihil
1619 3705 1753 3777 habent
1786 3671 2028 3804 glandulosae

441 3855 643 3918 structurae
675 3843 744 3912 nisi
779 3841 818 3910 in
859 3842 1057 3934 embryone
1089 3853 1125 3912 et
1160 3845 1199 3912 in
1224 3842 1421 3911 infantibus
1446 3844 1626 3932 monetis,
1670 3845 1734 3913 ubi
1768 3869 1811 3916 ea
1834 3870 2030 3921 racemosa

443 3993 481 4055 et
505 3979 702 4054 vesiculosa
725 3978 765 4045 in
799 3977 953 4047 formam
978 3979 1050 4071 piri
1075 3978 1253 4048 dimidiati
1279 3987 1341 4046 aut
1371 3975 1516 4068 phialae
1547 4001 1594 4047 ea
1625 4004 1698 4049 uno
1731 3993 1870 4052 tanturm
1905 3986 2025 4056 latere

441 4136 668 4212 compressae
701 4113 913 4201 formatam,
956 4115 1088 4206 reperi.
1146 4112 1322 4184 Testiculi
1354 4133 1468 4202 aeque
1502 4136 1543 4182 ae
1577 4118 1702 4188 ovaria
1735 4141 1756 4186 a
1788 4120 2024 4213 duplicatura

439 4251 643 4351 peritonaei
674 4258 757 4319 sunt
781 4247 941 4320 involuta
967 4260 1003 4318 et
1027 4260 1185 4340 retenta3
1217 4250 1428 4319 membrana
1460 4249 1532 4340 itta,
1548 4274 1668 4321 serosa
1692 4273 1767 4323 non
1792 4256 2025 4334 solummodo

439 4393 568 4462 duetus
591 4384 791 4456 deferentes
815 4397 853 4456 et
874 4385 977 4456 tubas
1003 4387 1233 4480 Fallopianas
1264 4388 1326 4456 sed
1352 4387 1547 4458 maximam
1573 4391 1665 4459 uteri
1691 4401 1834 4484 partem
1858 4396 2020 4468 obducit.

438 4525 484 4598 In
516 4524 604 4598 vnis
635 4532 756 4593 autem
788 4523 1040 4617 peritonaeum
1079 4525 1242 4597 vesiculis
1286 4524 1516 4597 seminalibus
1549 4549 1623 4596 non
1661 4537 1737 4599 tam
1771 4540 1870 4602 arete
1904 4555 2019 4626 quam

399 4675 402 4684 '
439 4673 543 4736 utero
567 4659 727 4756 adjacet,
753 4661 816 4734 sed
839 4684 899 4735 eas
922 4662 961 4738 iu
986 4671 1296 4760 transgressurus
1321 4686 1344 4737 a
1374 4663 1495 4740 vesica
1527 4663 1689 4760 urinaria
1721 4667 1769 4742 ad
1803 4666 2019 4758 intestinum
