4334 5716
462 447 509 500 ς,
1153 415 1379 478 'Usta‘

462 625 567 739 inter¹
583 621 648 696 has
673 615 763 693 duas
788 617 992 692 adhucdum
1016 611 1155 712 species
1179 617 1293 708 inest,
1332 615 1432 712 cujus
1463 615 1650 695 individua
1684 643 1758 698 nrm
1789 631 1866 700 tam
1889 631 1936 704 td
1965 637 2050 728 gel·

438 765 708 849 necationem,
734 779 842 854 quarn
867 758 915 828 ed
939 756 1124 831 stimulum
1147 756 1303 848 invicem
1329 759 1385 829 sui
1408 755 1582 852 indigent.
1919 751 1923 758 ’

561 998 662 1072 Alius
687 992 930 1094 generationis
953 990 1084 1064 modus
1108 987 1152 1062 fit
1175 1014 1242 1090 per
1274 993 1347 1067 duo
1372 990 1558 1068 individua
1583 1016 1690 1070 sexus
1713 996 1858 1094 organis
1882 997 2049 1094 singula·

461 1143 562 1216 ribus
598 1135 820 1223 differentia,
857 1129 988 1226 copula
1020 1125 1201 1222 simplex,
1240 1129 1299 1202 cui
1337 1129 1533 1235 praecipue
1567 1139 1773 1208 matamalia
1808 1146 1843 1207 et
1873 1133 2047 1210 homines

462 1275 629 1356 destinati
661 1270 842 1348 sidentur.
893 1267 1133 1368 Quamquam¹
1149 1262 1252 1364 'inter
1277 1266 1358 1346 illos
1392 1269 1606 1366 quandoque
1630 1269 1818 1346 individua
1843 1273 2045 1346 invenian-

458 1429 538 1508 tur,
564 1413 694 1508 quibus
717 1408 825 1481 modo
850 1425 959 1476 sexus
982 1403 1120 1494 nullus,
1144 1403 1255 1516 modo
1278 1403 1486 1502 ambiguus,
1521 1409 1628 1481 modo
1654 1407 1935 1504 autem‘duplex
1960 1432 2043 1483 esse

452 1558 612 1634 uidetur.
661 1541 855 1619 tnoividoa
878 1538 1019 1637 primae
1044 1537 1180 1629 classis,
1203 1551 1357 1638 propter
1383 1567 1525 1616 omnem
1551 1546 1731 1618 desectum
1755 1544 1812 1620 vel
1838 1545 2042 1644 imperiec-

454 1697 593 1768 tionem
618 1702 837 1778 organorum
864 1677 992 1751 saltem
1016 1677 1063 1750 ad
1084 1677 1355 1773 generationem
1378 1670 1527 1776 prorsas
1560 1683 1760 1780 incapacia,
1787 1683 1968 1782 aphroditi
1995 1693 2042 1760 ut
2141 1723 2142 1734 κ

457 1857 499 1907 ea
530 1823 661 1901 tertiae
697 1817 817 1892 elassis
850 1812 1140 1910 hermaphroditi
1170 1827 1363 1908 ¹vocantur.
1419 1817 1519 1894 inter
1562 1818 1627 1892 has
1659 1817 1786 1894 classes
1817 1819 1887 1893 alia
1921 1821 2040 1911 adest,

456 1989 550 2065 quae
583 1957 775 2034 transitum
806 1952 1063 2027 alternativum
1095 1953 1284 2049 designat,
1324 1952 1469 2050 ejusque
1503 1955 1691 2031 individua
1730 1982 1777 2030 ex
1818 1956 2040 2030 alienatione

452 2109 551 2182 nisus
575 2091 759 2172 formatici
796 2099 880 2164 orta
909 2111 977 2162 nec
1012 2088 1173 2162 foemina
1196 2112 1265 2163 nec
1294 2114 1387 2188 puer
1413 2093 1485 2164 dici
1517 2109 1683 2190 possunt,
1722 2104 1962 2190 neutrumque
1996 2105 2036 2168 et

452 2256 648 2331 utrumque
686 2227 866 2306 videntur.
940 2223 1060 2318 Hujus
1098 2227 1309 2300 intermedii
1348 2239 1461 2302 status
1497 2229 1686 2306 individua
1716 2231 2035 2328 hermaphroditos

453 2373 699 2477 aphroditicos
731 2362 966 2437 denominare
996 2360 1136 2457 placet,
1173 2362 1259 2458 quia
1297 2361 1682 2462 hermaphroditismus
1715 2369 1774 2442 ille
1812 2390 2036 2464 organonrnt

453 2509 661 2590 animalium
686 2512 739 2576 est
773 2510 903 2592 statua,
937 2494 1002 2570 obi
1032 2497 1069 2572 in
1100 2522 1174 2572 uno
1205 2502 1406 2596 eodemque
1437 2502 1624 2578 individuo
1658 2503 1846 2582 amborum
1878 2529 2032 2579 sexuum

450 2646 621 2749 genitalia
645 2640 737 2713 bene
763 2633 1046 2730 normaliterque
1078 2635 1234 2710 formata
1259 2636 1364 2710 simul
1391 2635 1582 2730 conjuncta
1608 2654 1786 2737 apparent
1817 2653 1853 2715 et
1890 2645 2032 2714 utrius-

440 2814 521 2884 ·que
546 2805 652 2856 sexus
676 2773 921 2851 functionibus
951 2773 1211 2868 perfectissime
1243 2775 1457 2868 iunguntur.
1508 2775 1652 2849 Nomen
1693 2776 1980 2874 hermaphroditi
2002 2805 2029 2854 a

448 2925 646 3008 Hermete,
678 2911 864 2986 Mercurio
890 2919 927 2980 et
951 2907 1173 3005 Aphrodite,
1203 2911 1339 3001 idest,
1371 2911 1516 2985 Venere
1542 2913 1657 3005 uenit3
1692 2937 1776 2986 nam
1800 2940 1931 2988 nomen
1956 2917 2030 2992 hoe

447 3057 683 3156 compositum
725 3043 903 3144 significat
942 3045 1057 3118 filium
1092 3045 1269 3119 Mercurii
1310 3059 1347 3119 et
1381 3047 1555 3138 Veneris,
1595 3051 1655 3141 qui
1688 3050 1727 3118 in
1767 3075 1806 3120 se
1837 3053 2026 3126 reuniebat

438 3195 640 3288 imaginem
665 3181 820 3281 perlecti
845 3181 914 3256 viri
946 3206 1028 3250 cum
1053 3183 1254 3274 gracilitate
1278 3189 1315 3251 et
1340 3181 1559 3253 amoenitate
1583 3183 1764 3258 foeminae
1788 3185 1835 3258 ob
1864 3188 2025 3286 vigorem

446 3344 483 3409 et
506 3323 811 3428 pulchritudinem
834 3323 1040 3412 parentum.

543 3557 684 3640 Fabula
709 3553 835 3629 Ovidii
861 3571 927 3623 nos
952 3548 1082 3642 docet,
1113 3548 1463 3648 Hermaphroditum
1496 3575 1579 3625 cum
1604 3551 1779 3650 Nympha
1802 3556 1964 3634 Salmace
1984 3563 2023 3637 in

447 3726 558 3782 unum
585 3719 717 3791 corpus
740 3689 909 3780 coivisse,
953 3687 1078 3782 ibique
1102 3686 1327 3760 solummodo
1353 3711 1461 3760 sexus
1494 3689 1654 3761 diversos
1680 3694 1882 3766 adhucdum
1908 3723 2024 3794 appa-

445 3845 569 3916 ruisse.
620 3827 910 3926 tlphroditismus
936 3838 1057 3898 autem
1084 3824 1450 3919 liermaphroditismo
1481 3835 1594 3896 status
1620 3839 1673 3897 est
1698 3833 1904 3925 appositus,
1943 3837 2019 3908 ibi-

447 4003 516 4076 que
542 3965 695 4070 penuria
719 3965 945 4035 functionum
970 3986 1077 4072 sexus
1102 3961 1218 4042 omnis
1243 3963 1352 4032 adest.
1402 3961 1474 4033 Sed
1499 3961 1569 4034 hoc
1601 3985 1735 4034 nomen
1758 3968 1861 4037 ideae
1885 3929 2021 4065 apheo·

442 4113 570 4191 disiaci
598 4100 833 4192 contradicim
870 4100 1072 4171 remedium
1104 4098 1392 4193 aphrodisiacum
1424 4097 1513 4170 illud
1543 4109 1619 4192 est,
1656 4105 1752 4195 quod
1776 4105 1945 4198 genitalia
1970 4112 2017 4183 ad

442 4267 614 4328 venerem
640 4238 788 4328 invitat3
812 4235 1028 4330 illorumque
1054 4234 1234 4308 actionem
1259 4233 1433 4328 adauget3
1467 4237 1668 4330 Aphrodite
1693 4241 1819 4309 eadem
1844 4252 1898 4313 est
1922 4268 2018 4337 quae

442 4387 577 4462 Venus.
625 4373 750 4448 Verba
784 4375 902 4462 enim,
941 4375 993 4442 uti
1019 4371 1156 4445 Poeata
1182 4370 1287 4462 dioit3
1321 4370 1443 4444 valent
1466 4373 1519 4442 uti
1551 4373 1699 4443 nummi.
1726 4373 1901 4449 ·Praeter
1925 4382 2018 4454 alios

442 4534 586 4596 autores
611 4512 682 4606 jam
710 4511 808 4584 Fort.
841 4509 988 4626 Licetne
1013 4509 1118 4602 plara
1143 4509 1310 4603 exempla
1339 4521 1582 4582 monstrorum
1614 4511 1922 4604 aphroditicorum
1947 4539 2018 4588 no·

439 4659 497 4735 bis
533 4659 682 4744 enamat·
707 4659 745 4720 et
781 4647 913 4721 nostris
947 4644 1173 4745 temporibus
1202 4645 1297 4720 John
1335 4647 1445 4723 Clario
1475 4647 1707 4745 aphroditon
1740 4669 1786 4722 ex
1809 4650 2015 4728 abdomina
