4390 5710
450 449 507 538 Q.
1163 469 1376 514 »eme

558 654 602 736 lfi
643 656 763 737 Gallia
800 663 917 762 prope
966 652 1216 760 hadegavium
1256 665 1348 736 vidit
1372 663 1564 734 ishranrhrs
1596 659 1880 736 Diemerbr'oeels
1910 665 2051 742 homi.

460 825 544 881 nem
571 806 618 875 28
637 829 837 884 annorum;
873 803 973 894 cujus
999 805 1168 898 genitalia
1200 801 1568 896 hermapluoditieam
1603 802 1850 881 monstrabant
1873 815 2048 877 structu.

421 1037 422 1041 Ἰ
459 965 550 1015 ram.
599 941 659 1010 Ex
696 945 874 1034 superiori
908 941 1067 1033 pudendi
1111 950 1215 1031 parte
1242 950 1452 1008 excreverat
1484 937 1588 1029 penis
1621 938 1830 1008 clitorideus
1862 942 1908 1010 ad
1936 944 2047 1036 digiti

458 1079 570 1148 medii
594 1078 854 1170 longitudinem
882 1091 918 1146 et
945 1078 1058 1160 virilis
1091 1075 1273 1145 mentulae
1299 1077 1495 1143 crassitiem
1521 1099 1603 1141 eum
1637 1075 1778 1164 glande,
1813 1075 1979 1152 fraenuto
2009 1095 2049 1153 et

462 1217 659 1308 praeputio
686 1217 844 1304 munita,
883 1216 976 1282 utin
998 1213 1083 1282 viris
1109 1236 1186 1280 esse
1210 1213 1311 1284 solet.
1363 1210 1518 1280 Inferius
1543 1220 1681 1277 meatus
1699 1213 1880 1284 urinarius
1907 1228 1944 1286 et
1970 1242 2046 1290 ea.

467 1351 552 1441 gina
578 1352 671 1419 uteri
698 1351 878 1422 distabant
902 1353 1004 1422 utin
1020 1348 1230 1420 mulieribus
1239 1372 1250 1440 5
1277 1350 1313 1418 in
1330 1323 1479 1444 singulis
1505 1347 1669 1442 pudendi
1694 1347 1799 1420 tabiis
1823 1375 1916 1424 unus
1940 1359 2047 1429 testis

463 1486 726 1558 continebatur.

566 1782 668 1853 Idem
709 1791 812 1854 autor
853 1779 985 1866 refert,
1049 1781 1202 1849 similem
1245 1778 1583 1871 hermaphroditum
1631 1776 1786 1872 hagiam
1834 1805 1874 1856 se
1911 1787 2047 1860 vidisse

468 1913 901 2010 Ultrajectiann.1668·
953 1918 1088 1986 Penem
1112 1917 1170 1984 hic
1202 1914 1441 2002 monstrabat,
1483 1917 1543 2004 qui
1570 1915 1614 1980 ad
1641 1916 1744 2007 digiti
1769 1923 1877 1989 medii
1918 1923 2047 2018 longi.

467 2025 631 2125 tudinem
658 2047 824 2146 accessit,
850 2057 886 2125 in
913 2059 1005 2123 rima
1032 2053 1170 2146 glandis
1194 2075 1267 2122 non
1292 2050 1536 2146 perforatum,
1562 2052 1782 2142 erigendum.
1831 2057 1873 2126 Iu
1895 2061 2049 2154 siugulis

470 2191 638 2263 Pudeudi
663 2194 769 2262 labiis
791 2190 892 2262 testis
917 2193 1053 2263 aderat
1101 2187 1216 2258 Paulo
1243 2188 1337 2258 iufra
1368 2209 1499 2279 penem
1524 2187 1702 2256 orificium
1727 2214 1796 2282 pro
1818 2206 1942 2283 meatu
1967 2205 2054 2270 uri..

467 2331 572 2397 nario
598 2339 634 2397 et
656 2331 785 2420 vagina
813 2329 907 2397 uteri
933 2327 1226 2418 conspiciendum
1252 2348 1291 2396 se
1320 2321 1501 2418 praebuit.
1549 2322 1592 2393 In
1624 2325 1765 2420 reliquo
1791 2353 1948 2425 corpore
1974 2337 2050 2425 ba,

472 2460 568 2534 bitus
592 2463 705 2536 virilis
728 2466 850 2558 potius
875 2475 911 2534 et
934 2463 1048 2534 barba
1071 2484 1109 2533 se
1132 2459 1270 2555 prodit.

473 2777 479 2790 ⁴
570 2757 613 2833 ln
640 2760 755 2830 diario
781 2757 978 2831 Huselandi
1003 2753 1155 2828 historia
1186 2776 1338 2846 sequens
1363 2777 1385 2823 a
1411 2753 1500 2824 Dre.
1541 2751 1736 2827 Schaeiiler
1761 2771 1814 2831 est
1838 2777 2048 2844 communi·

473 2907 565 2967 cate.
615 2899 734 2969 Maria
752 2899 954 2968 Katharina
981 2895 1145 2964 Ulmerin
1172 2893 1231 2960 die
1259 2897 1329 2961 θνα
1353 2888 1503 2981 Augusti
1531 2913 1614 2967 ann.
1646 2896 1737 2982 1755
1765 2893 1989 2977 Steinbaohii
2016 2911 2053 2983 io

478 3033 642 3104 districtu
670 3035 884 3128 Baknanger
909 3046 1011 3118 nata,
1041 3031 1219 3101 sacerdoti
1245 3027 1503 3097 consessionem
1538 3041 1767 3120 peccatorum
1801 3041 1961 3111 audienti
1986 3070 2052 3116 ra-

478 3172 611 3241 velavit
645 3174 861 3241 desiderium
893 3182 1021 3238 statum
1054 3191 1156 3238 suurn
1191 3173 1419 3256 praesentem
1453 3166 1682 3253 permutandi
1716 3167 1753 3236 in
1784 3173 1943 3266 virilem,
1983 3204 2054 3276 spo

479 3304 645 3374 utilitatis
671 3308 754 3375 exin
781 3304 993 3396 profluentis
1027 3302 1177 3388 albella,
1218 3320 1298 3363 curn
1326 3297 1506 3382 crederet,
1540 3297 1700 3369 habitum
1727 3305 1867 3376 virilem
1894 3336 2055 3402 praeve.

479 3438 612 3510 lentem
639 3441 733 3512 hanc
757 3443 991 3510 mutationem
1020 3436 1239 3529 permittere.
1289 3433 1430 3523 Corpus
1445 3435 1642 3524 robustum,
1657 3451 1793 3508 statura
1815 3468 1956 3537 magna,
1982 3477 2053 3528 vox

479 3575 583 3650 tonis
609 3589 645 3648 et
670 3601 781 3646 rauca
817 3577 1002 3666 magisque
1028 3571 1125 3641 virili
1157 3570 1351 3657 accedens3
1389 3573 1505 3638 crines
1535 3571 1627 3662 nigri
1664 3575 1700 3641 in
1733 3581 1866 3649 nodum
1902 3588 2056 3681 collecti,

480 3735 555 3786 non
581 3714 733 3785 nimium
758 3713 869 3805 longi.
921 3709 1050 3780 Vultus
1075 3729 1192 3814 neque
1219 3707 1378 3799 perfecte
1405 3707 1518 3776 virilis
1550 3732 1666 3800 neque
1704 3713 1909 3806 muliebrin;
1947 3723 2058 3798 lanu.

483 3853 730 3946 gineassavae
755 3851 927 3936 circeos,
953 3857 988 3915 et
1014 3854 1172 3913 mentum
1198 3855 1251 3912 sat
1277 3844 1493 3934 frequentes,
1512 3845 1624 3913 multo
1650 3847 1808 3920 minores
1825 3866 1943 3927 autem
1962 3866 2062 3937 circa
2151 3847 2152 3886 ³

485 4013 612 4084 genas,
644 3987 882 4074 enectorum,
907 3987 1067 4054 virorum
1101 3979 1315 4047 imberhium
1352 3992 1412 4048 aut
1445 3979 1681 4052 foeminarum
1722 3985 1833 4057 barba
1864 3992 2062 4087 insignium

482 4128 604 4199 modo.
655 4125 697 4192 ln
722 4124 869 4193 thorace
894 4122 991 4190 virili
1018 4122 1061 4188 tle
1087 4119 1250 4190 straminis
1285 4118 1335 4183 nil
1363 4119 1431 4184 nisi
1466 4143 1588 4186 earum
1623 4123 1781 4213 papillae
1804 4129 1982 4222 adsuere,
2024 4151 2064 4210 et

482 4274 599 4335 totum
625 4264 795 4334 sceletum
828 4261 976 4352 ipsaque
1002 4259 1115 4349 peltis
1148 4257 1253 4322 statui
1281 4254 1374 4322 virili
1401 4255 1482 4346 plus
1515 4261 1670 4324 accessit.
1746 4259 1969 4338 Genitalium
1996 4273 2062 4342 in.

483 4406 667 4496 spectione
693 4401 788 4469 intra
813 4420 920 4465 crura
947 4398 981 4463 in
1004 4405 1160 4483 utroque
1185 4394 1296 4461 latere
1322 4404 1443 4461 tumor
1468 4392 1633 4483 obvenit,
1661 4419 1815 4487 quorum
1843 4401 1971 4474 dexter
1995 4407 2063 4497 ju.

487 4544 568 4614 nior
594 4539 809 4628 sinistroque
834 4535 955 4603 minor
980 4540 1152 4622 apparet,
1181 4541 1216 4596 ct
1240 4528 1369 4595 hernia
1393 4529 1587 4597 intestinali
1614 4535 1672 4628 oui
1700 4536 1887 4628 gallinacei
1911 4549 2064 4637 magni.

486 4680 612 4750 tudine
635 4676 822 4748 iormatur.
871 4669 1015 4740 Tumor
1047 4665 1189 4736 sinister
1221 4691 1243 4734 a
1276 4665 1404 4734 hernia
1435 4665 1630 4738 intestinali
1662 4686 1699 4742 et
1729 4674 1921 4768 epyploica
1953 4681 2062 4756 simul
