4334 5716
724 435 1065 540 „we
1719 447 1748 546 a

181 681 191 692 -
256 643 310 757 ⁸12.
332 641 421 744 eps.
445 633 697 717 umnabtms
719 653 799 710 aec
828 637 953 710 omnia
976 635 1085 712 cruta
1109 635 1215 720 simul
1238 647 1322 711 sum
1346 634 1509 732 matura,
1546 623 1757 740 propterea¹

141 773 244 862 ,aon
268 781 391 856 omnia
404 796 453 854 'sc
476 776 643 878 solvunt,
669 774 766 868 quod
789 775 828 844 iu
851 773 951 846 coitu
975 795 1119 868 quoque
1142 775 1285 869 saepius
1309 785 1347 844 et
1371 775 1538 851 celeriter
1561 773 1746 860 rel'breri

167 933 332 1020 taapporc
355 915 512 1014 repetito
536 933 612 982 ncn
635 909 718 982 lieri
740 909 851 1002 solet,
876 921 914 981 et
934 909 1078 986 femella
1102 909 1231 982 sertem
1263 909 1391 984 eodem
1422 925 1545 987 oestro
1576 939 1749 994 venereo
1778 894 1781 902 ¹

169 1045 333 1162 sllicita,‘
360 1062 398 1122 st
430 1050 532 1122 coitu
559 1045 702 1140 aequali
731 1065 884 1118 numero
915 1045 1075 1140 repetito
1104 1046 1220 1158 multo
1245 1045 1427 1120 minorem
1451 1073 1646 1128 numerum
1671 1081 1749 1130 em·
1860 1106 1873 1124 .-

136 1271 144 1280 ,
168 1195 351 1297 bryoniam
375 1195 492 1280 gestet
512 1182 624 1258 modo
648 1159 881 1274 marcionem
904 1182 1011 1276 alias,
1043 1181 1145 1276 cujus
1168 1183 1264 1255 ratio
1289 1205 1337 1254 rx
1362 1183 1600 1262 insufficiente
1627 1216 1749 1286 quan-

167 1333 272 1405 titate
297 1324 491 1400 orulorum
521 1318 748 1392 mstnrcrum
780 1319 981 1414 repetenda
1010 1328 1075 1390 est.
1124 1317 1211 1392 Hoc
1240 1331 1343 1392 tanto
1376 1326 1490 1417 magis
1523 1326 1569 1398 de
1599 1331 1752 1406 muliere

167 1469 346 1554 humana,
367 1458 472 1554 juxta
495 1465 648 1528 naturae
672 1453 816 1562 regulae
837 1455 1012 1548 unipara,
1036 1453 1145 1528 rslet.
1171 1445 1173 1450 ’
1195 1455 1317 1528 Ovula
1340 1458 1379 1528 ira
1404 1459 1499 1531 illins
1523 1465 1650 1536 orario
1672 1465 1754 1538 len-

169 1607 241 1678 tius
267 1613 303 1682 st
327 1601 369 1670 in
391 1594 550 1688 longiori
573 1591 749 1684 temporis
780 1589 977 1695 interstitio
1010 1613 1088 1662 sese
1120 1591 1312 1682 evolvunt,
1353 1610 1463 1688 quarn
1487 1597 1526 1668 in
1552 1603 1755 1674 mammeti·

170 1739 238 1814 bus
260 1733 475 1844 multiporis.
525 1727 697 1802 Forsitan
721 1734 774 1798 ex
794 1726 864 1798 hae
888 1726 1031 1798 ratione
1055 1725 1329 1820 intelligendum
1353 1731 1400 1800 sit
1424 1743 1461 1803 et
1485 1733 1757 1830 explicandum‚'
1816 1805 1825 1814 ,
1911 1806 1917 1814 .

72 1845 94 1906 ¹·
164 1847 238 1950 ὀυτ
268 1891 527 1966 nonnunquam
560 1863 719 1936 foemina
752 1863 821 1934 etsi
850 1859 947 1984 bons
978 1863 1209 1957 secundaque
1240 1865 1447 1940 valetudine
1479 1868 1603 1942 fruens
1633 1874 1756 1968 proles

171 2033 297 2112 gerere
321 2019 448 2096 cesset,
473 2009 624 2098 peracto
649 2021 738 2074 raro
763 1999 1011 2092 quinquennio
1036 1999 1095 2072 rel
1119 2001 1295 2072 decennio
1309 2025 1408 2076 noro
1431 2005 1534 2097 signa
1558 2005 1757 2080 fertilitatis

173 2129 277 2236 edat}
308 2142 417 2216 ortale
442 2157 585 2231 quoque
609 2151 683 2204 nou
707 2135 830 2202 omnia
854 2135 895 2202 in
918 2133 1111 2225 superficie
1136 2135 1343 2205 crariorum
1374 2137 1531 2210 visibilia
1562 2153 1757 2238 apparent,¹

172 2283 280 2382 plura
297 2299 366 2376 per
390 2273 634 2346 discissionem
658 2265 951 2362 parenobymatis
975 2287 1102 2340 eorum
1128 2267 1356 2362 deteguntur.
1451 2255 1457 2262 ⁵

275 2541 509 2624 solummodo
541 2539 571 2612 si
603 2559 672 2634 per
702 2537 890 2636 propriam
923 2535 1133 2630 genitalium
1160 2537 1395 2612 muliebrium
1420 2540 1645 2617 nativitatem
1667 2547 1758 2620 diu-¹

42 2745 47 2756 .
175 2652 246 2766 tius
271 2690 461 2759 durantem
487 2681 560 2750 duo
586 2677 642 2751 vel
666 2677 775 2772 plura
800 2675 906 2748 ovule
932 2673 1037 2745 simul
1063 2685 1369 2768 maturatasunt,
1395 2679 1593 2772 graviditas
1610 2682 1756 2778 'duplex

175 2830 234 2904 701
256 2819 447 2914 multiplex
472 2837 519 2888 ex
544 2825 649 2908 parto
674 2808 844 2884 muliebri
866 2809 1046 2904 possibilia
1071 2819 1145 2893 est,
1170 2810 1261 2882 sitve
1285 2811 1347 2883 illa
1372 2813 1536 2886 activitaa
1560 2817 1614 2890 ris
1638 2817 1759 2890 ritulis

173 2956 388 3059 genitalium
412 2947 574 3020 mulieris
599 2971 647 3018 ex
670 2942 856 3040 superfluo
877 2947 958 3016 nisu
992 2939 1187 3017 formative
1213 2947 1267 3014 uti
1292 2947 1330 3017 in
1357 2949 1471 3038 sanis,
1510 2949 1604 3020 bene
1634 2953 1760 3046 pastis,

175 3094 319 3182 torosis,
331 3083 509 3160 vitalitate
523 3077 667 3148 atletica
675 3075 862 3168 praeditis,
875 3071 932 3146 rel
949 3078 1001 3144 uti
1011 3075 1236 3168 experientia
1249 3080 1441 3174 multiplex
1456 3082 1591 3174 docuit,
1602 3083 1641 3154 iu
1656 3057 1763 3176 indi-‚¹

176 3230 309 3316 viduis,
332 3213 475 3295 ubiria
488 3195 610 3310 potine
634 3209 823 3280 imminuta
839 3227 946 3302 quam
970 3219 1076 3278 aucta
1100 3221 1167 3300 est,
1194 3221 1230 3280 et
1256 3222 1378 3282 tamen
1403 3214 1442 3284 in
1466 3217 1578 3286 nimie
1595 3241 1637 3288 sc
1661 3242 1763 3295 mor.
1889 3291 1894 3300 ¹

177 3373 268 3446 bora
301 3355 484 3434 activitats
516 3345 726 3444 genitalium
763 3345 1020 3438 praeparando
1055 3335 1244 3414 materiam
1286 3347 1497 3439 genitricem
1538 3357 1763 3448 superfluam

181 3497 418 3602 exprimitur3
441 3489 512 3560 lruo
536 3481 720 3581 pertinent
744 3477 926 3554 foeminae
950 3473 1152 3569 sensibiles,
1178 3475 1337 3572 debiles,
1362 3483 1533 3584 graciles,
1565 3461 1762 3587 praecipu,
1815 3461 1824 3470 “
1933 3497 1936 3512 .

180 3649 265 3741 post
294 3629 460 3706 celeriter
489 3617 663 3718 repetitas
695 3615 930 3712 graviditates
964 3623 1001 3685 et
1032 3624 1189 3730 partun
1227 3623 1264 3686 et
1294 3640 1438 3714 qnoque
1469 3625 1679 3697 meretrices
1712 3653 1763 3704 ex

185 3773 336 3851 abusive
364 3759 498 3837 stimuli
530 3753 676 3832 venerei
707 3749 930 3826 saturatione
939 3771 951 3844 3
990 3741 1116 3822 sedet
1145 3767 1272 3823 ornnes
1295 3751 1387 3825 istae
1406 3753 1588 3828 foeminas
1612 3759 1652 3828 in
1676 3785 1763 3838 caan

184 3904 340 4004 duplicis
363 3891 650 3969 fructificationis
676 3900 829 3986 propter
853 3887 928 3961 ritu
959 3886 1055 3961 ritae
1087 3887 1303 3980 generaliter
1333 3889 1562 3964 imminutam
1594 3897 1641 3966 ad
1670 3910 1765 3992 par-¹

185 4047 299 4123 sectos
323 4030 497 4134 gemellos
519 4029 743 4124 generandos
766 4029 913 4120 ineptae
944 4035 1047 4116 sunt,
1079 4023 1144 4096 red
1166 4027 1291 4120 potius
1313 4037 1477 4116 monstra
1501 4027 1642 4106 ditores
1666 4049 1763 4130 prox

175 4186 325 4258 creent.

263 4522 268 4533 ,
287 4437 390 4534 Quid
411 4457 500 4508 vero
524 4433 570 4503 de
592 4425 783 4524 mrdtiplici
805 4415 1082 4506 intotiboatione
1107 4443 1156 4533 ex
1177 4436 1283 4524 parta
1305 4425 1377 4504 riri
1402 4423 1647 4504 remendum?
1670 4433 1766 4510 Suc-³

1 4641 3 4680 r
134 4618 141 4627 ·
189 4578 411 4666 reditione
441 4571 505 4644 illa
533 4570 677 4670 inuno
709 4547 911 4660 eodemque
940 4567 1040 4638 coitu
1069 4585 1138 4660 per
1169 4563 1485 4638 foecundationern
1515 4567 1766 4656 simultspam
1800 4599 1804 4606 ·

1032 4700 1108 4796 (⁹)
