4390 5710
1721 445 1772 540 ⁸9

197 637 266 710 nisi
291 637 327 706 in
355 637 424 706 lroc
439 595 617 745 'differens
641 632 729 722 luit,
766 633 862 724 quod
887 630 1022 700 clitoris
1050 629 1150 700 valde
1182 627 1349 720 elongata
1373 625 1511 730 marat,
1552 633 1614 704 sed
1640 645 1676 708 et
1699 639 1770 718 1100

197 771 347 844 accessit
371 771 572 862 singulare,
613 767 711 860 quod
736 777 772 838 et
803 768 935 836 ostium
968 765 1120 857 vaginae
1146 765 1276 838 durum
1309 779 1346 838 et
1370 770 1472 864 quusi
1496 773 1767 867 cartilaginem
1849 839 1852 848 ,
1904 847 1910 854 ,

194 905 453 1000 immissionem
482 905 587 1004 'penis
619 904 765 997 penitus
785 901 1025 996 impediverit.

161 1292 164 1302 ι
217 1271 222 1278 ,
289 1203 451 1272 Realdus
476 1195 672 1268 Columbus
704 1187 909 1269 observavit
941 1195 1147 1293 mulierem,
1188 1201 1246 1269 cui
1271 1207 1350 1270 erat
1381 1161 1541 1294 genitale
1563 1205 1766 1288 membrum

192 1341 399 1430 ambiguum
432 1358 588 1406 crassum
622 1335 725 1425 digiti
764 1333 906 1402 minimi
949 1332 1210 1424 longitudinem
1242 1357 1400 1427 nequam
1431 1339 1494 1408 sed
1527 1341 1764 1440 perforatum,

79 1543 85 1554 ,
189 1475 408 1546 causoden
435 1473 566 1542 ostium
591 1469 724 1539 canalis
751 1469 813 1536 sed
831 1471 1047 1557 ‘angustum‚
1071 1479 1113 1536 ut
1137 1491 1210 1538 non
1236 1470 1305 1538 nisi
1331 1472 1433 1564 digiti
1458 1474 1599 1544 minimi
1622 1482 1765 1572 apicem

188 1611 405 1682 admitteret.
456 1607 564 1676 Viros
595 1606 686 1674 hacc
710 1603 1010 1696 itaconcupivit‚
1057 1606 1226 1712 ut'penis
1257 1605 1434 1678 clitoridci
1467 1613 1701 1711 resectionem
1728 1627 1766 1691 et

187 1747 270 1816 ostii
294 1743 468 1837 vaginulis
499 1741 746 1812 dilatationem
772 1763 794 1810 a
823 1739 994 1832 chirurgo
1027 1750 1226 1833 expeteret.
1278 1741 1364 1830 Qua
1394 1753 1595 1814 structurae
1619 1750 1764 1822 uicissi-

133 1903 138 1910 ·
185 1881 312 1952 tudine
335 1877 531 1952 ¹manilesto
564 1885 682 1970 patet,
723 1875 888 1945 cliterido
923 1875 1148 1949 increscente
1180 1875 1371 1950 muliebris
1393 1879 1561 1974 genitalis
1600 1885 1761 1962 canalem

186 2015 314 2084 eadem
338 2013 576 2106 proportione
601 2011 767 2082 contrahi
792 2020 829 2078 et
850 2006 1043 2084 'coarctari

239 2429 580 2542 Disquisitiones
620 2427 887 2512 anatomicos
926 2427 1163 2534 gentalium
1202 2413 1698 2544 hermaphroditicorurrt

870 2579 1076 2658 internae.

279 2791 315 2880 tl
341 2793 559 2866 Observatio
591 2816 613 2862 a
652 2757 825 2866 celeberr.
858 2790 979 2862 Petito
1017 2795 1289 2864 communicata.
1341 2792 1448 2870 Miles
1489 2819 1537 2870 n
1577 2821 1755 2876 annorum

174 2934 214 3004 in
239 2931 449 3004 nosocomio
474 2928 692 2998 Namurcnsi
724 2937 885 2997 mortuus
918 2935 971 2994 cst
1006 2948 1053 2994 ex
1087 2927 1293 3000 vulneribus
1324 2934 1487 3024 scquclis.
1538 2934 1754 3032 Chirurgus,

176 3069 238 3162 qui
270 3063 427 3136 vulneris
465 3087 551 3156 ergo
585 3063 739 3132 cadaver
778 3060 1014 3152 inspiciebat,
1053 3061 1202 3132 miratus
1242 3065 1278 3132 in
1312 3078 1431 3136 scroto
1464 3069 1648 3140 testiculos
1677 3097 1752 3146 non

173 3203 315 3285 adesse,
361 3209 523 3304 ventrem
557 3197 693 3288 aperit,
734 3207 771 3264 ct
800 3199 839 3264 in
870 3197 949 3288 ipso
982 3205 1115 3278 ventre
1141 3205 1224 3287 post
1256 3201 1408 3270 vesicam
1443 3202 1578 3296 detegit
1607 3217 1752 3282 uterum

154 3337 266 3406 ‚collo
292 3333 432 3421 uesicae
459 3329 734 3416 adhaerentem,
765 3331 889 3424 ibique
913 3330 951 3398 in
977 3329 1162 3402 uretlrram
1188 3335 1319 3404 annulo
1346 3336 1552 3408 duriusculo
1580 3342 1752 3416 desinen—
1860 3423 1868 3434 ,

119 3481 125 3489 ’
169 3483 256 3543 tem.
308 3467 364 3538 Ab
392 3477 495 3538 utero
521 3465 767 3559 procedebant
791 3463 900 3534 tubae
924 3476 999 3534 tres
1024 3488 1105 3534 cum
1133 3469 1283 3538 dimidio
1315 3473 1465 3572 pollices
1495 3475 1644 3568 longae,
1684 3491 1751 3550 ομ

169 3630 257 3692 vae,
284 3603 406 3696 exigui
430 3603 594 3690 luminis,
627 3623 719 3694 quae
744 3599 958 3692 corporibus
982 3601 1188 3692 aequivocis
1212 3615 1377 3674 accretae
1403 3608 1557 3678 fueraut.
1607 3611 1749 3690 Locum
1839 3693 1853 3700 ,
1955 3639 1961 3646 ·

171 3741 318 3836 quidem
343 3741 552 3808 ovariorunr
575 3737 765 3828 tenebant,
807 3735 870 3804 sed
902 3733 1079 3806 fabricam
1110 3737 1257 3810 testium
1293 3743 1555 3834 prodiderunt,
1599 3770 1681 3818 cum
1714 3761 1751 3824 et
1786 3765 1790 3773 “

64 3880 69 3888 ’
168 3875 427 3972 epydidymide
453 3885 490 3943 et
516 3871 758 3942 deferentibus
791 3865 956 3942 ductibus
981 3871 1147 3942 instructi
1173 3883 1294 3966 erent,
1335 3879 1398 3968 qui
1423 3879 1461 3948 in
1486 3881 1660 3954 vesiculas
1683 3909 1747 3957 se-

68 4049 84 4066 ·
167 4013 338 4100 mlnales‚
364 4031 456 4102 quae
480 3999 622 4080 matrici
648 4031 811 4078 annexae
838 4020 962 4098 erant,
988 4007 1155 4100 abibant,
1188 4013 1446 4116 quae-duobus
1473 4019 1573 4088 ostiis
1596 4021 1635 4088 in
1660 4045 1746 4092 ure·

167 4151 287 4224 tlrrsm
317 4145 614 4218 terminabantur.
664 4141 807 4234 Adiecit
838 4143 1082 4217 observationi
1114 4155 1279 4218 narratae
1302 4149 1467 4244 ,Potitum
1506 4162 1648 4224 uterum
1679 4177 1746 4226 re-

165 4311 254 4364 vera
277 4285 347 4356 hoc
372 4307 504 4355 nomen
529 4307 602 4352 non
628 4283 779 4370 mereri,
817 4279 927 4352 fuisse
953 4281 1029 4372 ejus
1060 4281 1236 4356 fabricam
1267 4287 1380 4384 magis
1410 4287 1562 4384 reginae
1593 4299 1631 4364 et
1654 4292 1741 4386 qui-‘v

128 4391 133 4401 ’
163 4427 248 4502 dem
273 4423 443 4520 caninae,
470 4445 579 4519 quum
602 4401 782 4498 humanas
806 4419 1028 4498 similiorem.

795 4675 801 4686 ·
896 4589 961 4684 ·''
1024 4609 1124 4724 uu
