4390 5710
439 468 487 547 95
1120 454 1334 512 'sta-w

442 671 515 726 non
542 650 700 724 absimile
726 649 824 723 tacta
852 653 1112 748 deprehensum
1137 654 1213 728 luit,
1264 651 1465 722 abdomine
1485 652 1520 720 in
1543 662 1644 743 parte
1672 655 1799 723 dextra
1815 663 2018 748 compresso

444 801 480 858 et
511 791 647 858 ibidem
681 794 805 860 similis
840 805 960 860 trrutor
998 791 1177 883 prodibat.
1230 790 1388 856 Uretlrra
1422 792 1517 856 inter
1550 790 1644 858 labia
1677 796 1818 859 interna
1854 796 2018 884 superius

442 924 586 1015 hiabat,
626 927 747 995 subter
787 930 886 996 illam
923 930 1100 999 orificium
1140 931 1177 993 in
1212 931 1376 1017 vaginam
1420 926 1555 992 <astitit
1588 929 1743 1017 bynrene
1776 941 2022 1022 coarctatum3

443 1061 580 1133 ibidem
608 1075 644 1130 et
669 1068 944 1134 caruncularnm
980 1063 1260 1155 myrtilormium
1290 1061 1514 1153 apparebant
1542 1065 1705 1154 vestigia,
1748 1066 1842 1132 inter
1876 1068 2023 1135 intesti-

447 1219 535 1269 num
559 1210 697 1268 rectam
732 1212 767 1268 et
799 1203 953 1270 vesicam
987 1223 1108 1268 saccus
1142 1197 1244 1264 latuit
1279 1198 1591 1284 niernbranaceus,
1632 1201 1693 1288 qui
1728 1201 1822 1267 ultra
1854 1202 2024 1291 pollicem

446 1333 573 1425 longus
596 1337 785 1404 dimidium
813 1338 1003 1406 latitudine
1031 1334 1229 1426 aequabat,
1284 1333 1320 1398 in
1354 1347 1653 1402 verumontaruun
1689 1339 1921 1424 tenninatus,
1962 1339 2024 1407 ubi

447 1471 687 1543 vesicularum
714 1473 938 1540 seminalium
966 1473 1055 1540 ostia
1090 1472 1294 1538 excretoria
1320 1480 1466 1558 reperta
1492 1469 1604 1539 tuere.
1656 1471 1860 1539 Testiculns
1886 1473 2027 1542 sinister

448 1604 559 1674 ductu
586 1606 771 1675 deserente
796 1608 990 1678 instructus
1017 1618 1113 1696 erat,
1138 1606 1314 1675 vesiculae
1340 1628 1463 1674 verani
1493 1630 1614 1675 senna
1642 1609 1826 1675 continere
1853 1609 2028 1678 videban-

449 1750 530 1830 tur,
556 1754 675 1812 tumor
710 1744 840 1830 uvalis,
881 1746 941 1834 qui
974 1748 1139 1812 dextram
1174 1742 1358 1830 regionem
1398 1742 1519 1808 annuli
1554 1742 1789 1809 abdominalis
1825 1751 2027 1837 occupavit,

455 1891 536 1948 erat
563 1903 685 1948 saccus
718 1902 798 1948 sero
841 1879 1116 1970 sanguinolento
1144 1882 1324 1970 repletus,
1365 1880 1402 1944 in
1430 1902 1499 1966 quo
1538 1903 1668 1967 corpus
1700 1879 1821 1948 colore
1850 1889 1884 1947 et
1909 1881 2026 1954 forma

449 2012 687 2105 lrypocastani
713 2040 834 2084 semen
861 2026 1135 2107 repraesentans
1159 2016 1265 2081 situm
1299 2025 1393 2099 erat,
1433 2015 1469 2080 in
1497 2014 1624 2079 eodem
1651 2015 1761 2081 latere
1789 2017 1874 2085 tuba
1901 2017 1928 2084 F
1933 2019 2028 2086 allo-

449 2150 503 2242 pii
530 2151 576 2219 ad
603 2175 746 2220 saecum
772 2175 884 2242 usque
911 2151 1223 2220 membranaceum
1254 2149 1548 2239 protendebatur.
1599 2147 1654 2214 lin
1681 2161 1782 2217 notas
1811 2177 2027 2242 organorum

451 2288 662 2379 genitalium
697 2289 883 2380 utriusque
922 2310 1028 2357 sexus
1067 2287 1312 2379 imperfectius
1345 2285 1569 2358 evolaturum
1601 2285 1640 2351 iu
1674 2287 1800 2356 eodem
1842 2290 2027 2365 individuo

451 2423 521 2494 sibi
545 2423 699 2516 jtmctas.

550 2738 590 2832 7)
623 2737 739 2810 Natus
771 2735 1000 2830 Mogoneiaci
1035 2735 1151 2805 inians
1184 2731 1269 2821 suit,
1313 2733 1356 2803 ab
1390 2728 1618 2802 Akermanno
1652 2733 1860 2808 observatus
1893 2752 1929 2810 et
1962 2745 2030 2813 de:

454 2876 626 2969 scriptae,
654 2876 713 2946 die
745 2877 801 2945 14.
832 2876 929 2944 lunii
958 2897 1039 2942 ann.
1072 2875 1185 2959 1803,
1225 2883 1345 2961 patre,
1382 2870 1459 2938 tiro
1485 2869 1633 2934 robusto
1662 2871 1804 2958 quidem
1832 2877 1893 2943 sed
1920 2883 2030 2949 maci-

453 3013 572 3102 lento,
596 3025 729 3098 naaria,
756 3014 817 3103 qui
842 3012 947 3080 satana
974 3031 1115 3102 semper
1142 3007 1322 3098 gaudebat
1354 3004 1578 3092 raletmline3
1618 3016 1732 3073 matre
1759 3031 1844 3079 tero
1871 3023 2031 3110 corporis

453 3129 581 3218 babitu
607 3152 758 3220 flaccido
785 3161 821 3216 et
848 3149 931 3216 laxo
958 3146 1052 3215 vitae
1077 3143 1300 3211 sedentariae
1328 3143 1473 3207 adsueta
1490 3151 1525 3206 et
1552 3140 1743 3210 astbenicis
1767 3168 1906 3239 semper
1930 3179 2030 3225 mor.

452 3285 509 3352 bis
536 3287 714 3356 intestata.
768 3287 926 3352 Puerum
952 3281 1052 3346 illum
1080 3279 1301 3366 baptismatis
1334 3275 1433 3342 sonte
1461 3275 1620 3370 ablutum
1650 3275 1838 3349 Nicolaum
1865 3291 2030 3378 appella.

454 3430 558 3503 runt3
592 3421 712 3510 prima
744 3418 902 3506 ambigui
940 3438 1046 3482 sexus
1078 3423 1164 3480 tunc
1207 3413 1350 3478 demum
1384 3423 1463 3495 orta
1499 3423 1551 3477 est
1584 3415 1757 3501 empulo,
1800 3442 1880 3487 cum
1914 3399 2030 3500 iulans

453 3559 613 3651 primum
640 3556 767 3624 lotium
795 3551 930 3638 emisit,
963 3574 1036 3616 non
1064 3552 1158 3616 enim
1185 3549 1253 3615 hoc
1280 3571 1325 3615 ex
1352 3548 1496 3614 uretlna
1533 3550 1634 3637 penis
1661 3555 1722 3618 sed
1750 3575 1795 3620 ex
1819 3553 1911 3624 rima
1938 3585 2031 3650 qua.

456 3694 540 3763 dam
565 3693 661 3762 insta
688 3691 843 3785 genitale
876 3689 1076 3757 membrum
1112 3686 1296 3777 profluere
1330 3687 1672 3752 animadverter'uut.
1723 3687 1901 3760 Infantem
1940 3721 2029 3786 par.

455 3853 556 3918 runi,
582 3833 814 3900 macilentum
841 3838 876 3894 et
901 3825 1068 3894 aulrelum
1094 3824 1243 3892 invenit.
1294 3821 1414 3904 Penis,
1442 3817 1538 3904 cujas
1564 3819 1662 3908 glans
1685 3822 1918 3912 irripersorata
1946 3846 2033 3924 erat,

455 3978 530 4037 tres
554 3966 751 4036 mentiebat
776 3964 1025 4047 eentirmtros,
1068 3961 1226 4027 crassitie
1253 3957 1356 4023 unius
1383 3956 1584 4020 eerniruetri
1612 3981 1683 4023 nen
1719 3959 1926 4032 intercutis
1951 3970 2034 4036 adi.

454 4128 566 4200 pesae
592 4104 857 4196 duplicaturam
881 4100 1002 4166 radice
1026 4123 1088 4165 sua
1116 4092 1361 4177 delitescebat,
1390 4093 1476 4180 (prin
1501 4094 1620 4181 potins
1646 4096 1682 4162 in
1706 4096 1796 4161 eollc
1821 4098 1927 4188 pubis
1952 4127 2036 4194 pro.

456 4242 632 4313 minebat.
684 4240 798 4308 Glans
825 4237 967 4305 circiter
993 4234 1137 4300 tertiam
1164 4231 1265 4320 penis
1297 4239 1437 4318 partem
1464 4229 1700 4298 consumebat
1727 4256 1863 4316 crassa,
1904 4249 2034 4308 rotam

459 4381 524 4466 ds,
552 4401 624 4446 non
651 4377 837 4468 perforata
871 4373 1015 4464 quidem
1049 4367 1111 4435 sed
1145 4378 1263 4433 tamen
1299 4365 1419 4454 aliquo
1449 4369 1549 4454 quasi
1583 4367 1754 4456 pristinae
1785 4370 2037 4474 perforatione
2069 4381 2072 4386 ’

461 4517 625 4604 stigmate
658 4524 806 4598 nereida,
848 4513 944 4600 quod
971 4506 1069 4575 tenui
1101 4495 1201 4594 quasi
1234 4502 1447 4570 mernbrana
1477 4501 1678 4570 obvelatum
1707 4502 1855 4574 diceres.
1930 4509 2036 4582 Penis

464 4651 633 4720 llaeaidua
658 4647 861 4742 pendebat,
904 4655 940 4712 ct
966 4665 1055 4736 quas
1087 4640 1230 4734 tegebat
1264 4651 1387 4734 partes
1423 4639 1569 4708 omnino
1601 4636 1841 4714 observatoris
1874 4649 2042 4752 subduxit
