4390 5710
840 525 847 535 .
880 488 1103 558 »ew-0
1373 459 1377 466 ’
1682 507 1751 564 20,

109 679 115 694 '
224 707 232 719 ·
271 671 330 747 Ab
361 679 436 748 oris
467 677 600 750 uterini
630 673 797 746 inferiori
827 663 935 770 parte
967 675 1062 748 duae
1091 675 1263 784 videniur
1293 671 1412 776 plicae
1442 687 1507 756 seu
1538 677 1751 766 eblumellac'

173 821 369 904 cutaneae,
402 801 494 907 quae
518 815 556 884 in
577 813 779 906 sagionem
804 811 998 905 ampullam
1028 815 1315 906 protenduntur,
1345 817 1471 911 ibique
1494 819 1626 892 seusina
1657 843 1751 896 crea
1828 813 1839 842 ⁸

172 961 334 1020 nescunt
383 949 501 1054 Magia
524 915 648 1020 versus
674 949 857 1020 exteriora
888 947 981 1020 aliae
1012 941 1219 1033 duae'sitae
1239 963 1324 1024 sunt
1345 954 1484 1048 plicae,
1523 969 1618 1052 quae
1655 977 1750 1045 ure-⁶
1789 1017 1795 1030 .

173 1081 295 1168 thren
318 1073 536 1175 terminant,
563 1081 710 1180 ejusque
735 1083 867 1157 ostium
890 1083 1056 1180 raginale
1081 1084 1293 1188 cingunn'·
1377 1165 1403 1195 ·.
1493 1177 1499 1188 .

271 1379 413 1472 Quodsi
436 1391 478 1450 ut
501 1379 595 1454 uteri
619 1379 796 1452 fabricam
820 1383 999 1453 internam
1025 1380 1236 1470 lustremus,
1262 1383 1418 1454 res'ioam
1441 1385 1641 1456 urinarisrn
1666 1405 1753 1456 mc-

175 1517 273 1590 diam
297 1517 552 1606 discindi-mus,
580 1517 730 1586 eandem
756 1539 840 1586 cum
863 1519 958 1586 uteri
984 1517 1077 1586 collo
1103 1515 1265 1588 intimius
1291 1541 1492 1620 connexam
1516 1518 1781 1592 animaliter·-

175 1663 291 1724 temus
316 1656 426 1744 adeo,
453 1661 493 1724 ul
518 1662 555 1722 et
579 1651 764 1730 uretbram
790 1662 827 1722 et
850 1651 947 1722 uteri
977 1651 1157 1726 cervicem
1181 1653 1344 1726 disecare
1367 1663 1554 1750 oporteat,
1574 1663 1628 1756 ⁸nt
1652 1655 1753 1728 inta-

118 1875 120 1888 .
175 1789 253 1862 rior
277 1789 372 1896 uteri
396 1787 536 1900 fabrica
558 1781 717 1884 penitius
739 1787 995 1884 perspiciatur.

272 2080 395 2172 Venit⁸
408 2103 504 2152 nunc
521 2077 824 2176 inconspectum
843 2081 940 2152 uteri
961 2077 1134 2173 oystoidis
1159 2105 1305 2168 carum,
1318 2083 1432 2175 ,quod
1457 2081 1580 2166 tunica
1603 2061 1839 2178 proprium

177 2237 227 2290 ex
248 2218 378 2310 vagina
408 2239 475 2310 per
507 2216 602 2286 uteri
633 2215 814 2310 orificium
851 2211 1062 2288 continuata
1093 2215 1292 2286 iniestitur.
1340 2215 1479 2288 Laxius
1511 2216 1601 2288 haec
1633 2241 1756 2290 mem·

178 2349 294 2420 brana
319 2351 496 2448 cellulosa
511 2351 607 2420 uteri
631 2352 749 2424 textui
779 2351 971 2437 adhaeret,
1005 2361 1043 2420 et
1072 2350 1111 2420 in
1136 2352 1245 2424 variis
1276 2351 1436 2441 ejusdem
1466 2352 1557 2424 locis
1580 2351 1620 2424 in
1643 2353 1797 2447 priam·

54 2457 61 2468 .
179 2493 401 2556 ususversas
424 2485 665 2578 componitur.
714 2485 799 2556 Hoc
830 2463 1026 2579 praecipue
1052 2485 1090 2555 in
1121 2487 1218 2557 uteri
1251 2449 1391 2558 cervice
1416 2488 1654 2580 conspicitur,
1692 2485 1757 2560 ubi
1814 2499 1819 2508 ’

109 2591 118 2598 ⁶
180 2619 330 2690 scillicet
354 2619 392 2688 in
418 2615 523 2690 utcr'o
549 2619 709 2713 perfecte
733 2587 902 2690 muliebri
925 2637 1097 2714 rugai-eun
1122 2621 1312 2692 columnae
1337 2621 1405 2692 sibi
1430 2596 1667 2708 incumbunt}
1683 2643 1757 2706 ero»,

179 2751 307 2824 borean
333 2756 384 2824 sic
408 2757 540 2824 dietam
565 2755 661 2826 vitae
686 2755 964 2844 constituentes,
1000 2757 1054 2828 ita
1077 2766 1119 2826 ut
1137 2755 1203 2826 'hic
1228 2767 1264 2826 et
1294 2759 1560 2832 numerosiores
1583 2766 1620 2829 et
1644 2757 1758 2851 magis

181 2889 383 2999 cumulatae
407 2889 496 2960 istae
519 2889 637 2984 plicae
659 2889 870 2984 adpareant·

282 3157 434 3230 Praeter
465 3155 562 3226 uteri
596 3157 795 3247 orificium,
834 3178 905 3248 qno
939 3153 977 3228 in
1010 3157 1176 3248 raginam
1208 3169 1309 3251 petet
1334 3159 1470 3243 aditus,
1494 3157 1633 3228 nullum
1661 3157 1761 3228 aliud
1876 3223 1882 3236 ,

183 3294 223 3365 in
247 3293 342 3364 uteri
367 3313 523 3385 corpore
547 3301 609 3362 aut
633 3291 747 3364 fundo
783 3294 926 3366 videtur
957 3293 1089 3364 ostium
1116 3295 1227 3380 adeo,
1260 3305 1300 3362 ut
1317 3294 1394 3362 'boc
1420 3303 1622 3363 ainicturae
1647 3293 1760 3362 modo

186 3569 252 3640 Est
278 3565 424 3659 quidem
450 3564 547 3654 quod
573 3562 736 3648 mireris,
769 3561 876 3630 etiam
902 3561 962 3628 hic
987 3567 1130 3651 uterus,
1164 3564 1290 3646 eodem
1317 3563 1431 3678 plane·
1449 3563 1557 3632 modo
1583 3561 1628 3632 ab
1653 3573 1771 3646 utra-¹

186 3729 256 3798 que
280 3701 386 3772 lundi
406 3707 510 3792 parte
534 3698 755 3790 perforatus,
789 3695 931 3786 hocque
955 3692 1091 3785 duplex
1117 3696 1248 3795 ornum
1274 3699 1390 3788 replet
1414 3696 1569 3788 canalis,
1609 3697 1673 3788 qui
1696 3715 1767 3789 pcr.

186 3839 374 3940 propriam
399 3835 494 3904 uteri
527 3833 772 3904 membranam
798 3833 951 3926 tegitur,
992 3829 1045 3898 ita
1069 3839 1109 3898 ut
1133 3831 1172 3898 in
1202 3827 1310 3918 hujus
1335 3833 1435 3906 uteri,
1462 3831 1576 3902 latero
1606 3842 1765 3924 utroque
1890 3917 1895 3926 .

188 3979 320 4072 plicam
345 3970 513 4044 distincte
537 3969 751 4060 conspicias,
778 3989 870 4060 quae
895 3967 941 4036 ab
966 3957 1036 4035 hoc
1062 3964 1192 4050 ductu,
1217 3973 1255 4034 et
1279 3965 1445 4060 cingente
1467 3943 1623 4038 cundem
1650 3989 1764 4038 mem·

188 4113 302 4186 brana
335 4105 556 4177 efformatus.
607 4103 747 4173 Ductus
779 4099 944 4172 deferens
968 4099 1076 4194 plane
1108 4109 1255 4194 apertus
1285 4113 1358 4190 aet,
1398 4113 1435 4172 et
1461 4104 1592 4196 insigni
1626 4103 1763 4174 lumina

188 4259 300 4346 patet.
347 4243 433 4314 Non
458 4227 546 4311 iero
571 4238 634 4308 ubi
659 4241 706 4316 in',
722 4237 923 4308 abdominis
947 4259 1075 4308 cavum
1100 4235 1257 4330 appulit,
1283 4251 1382 4308 retro
1406 4240 1539 4310 ossium
1564 4233 1671 4330 pubis
1695 4255 1764 4304 ra..

188 4405 289 4460 mum
312 4399 437 4450 versus
461 4383 588 4448 carum
612 4373 729 4468 pelvis
752 4371 960 4444 interiorem
985 4371 1203 4460 reflectitur,
1228 4383 1268 4442 ut
1292 4373 1361 4462 ibi,
1387 4375 1481 4444 siout
1503 4373 1542 4442 in
1567 4370 1762 4464 perfectio·

188 4523 241 4594 ris
265 4516 341 4588 viri
358 4513 496 4586 fabrica
520 4512 556 4582 id
577 4511 751 4602 botatigit,
784 4511 822 4578 in
848 4509 1023 4582 vesiculas
1054 4507 1163 4580 abeat
1186 4509 1375 4580 seminales
1398 4508 1491 4578 collo
1521 4507 1661 4578 vesicae
1691 4507 1761 4576 asi-

193 4675 325 4744 nexss,
357 4649 419 4722 sed
452 4615 556 4720 retro
576 4645 731 4722 vesicam
763 4657 884 4740 snpra.
897 4645 1013 4738 pubis
1042 4664 1123 4717 ossa
1153 4667 1284 4738 magno
1315 4643 1497 4716 tolumhc
1533 4645 1772 4730 eminentem,-
