4334 5716
431 475 477 546 ιβ
1122 455 1339 530 &stt

530 666 652 740 Etiam
677 691 765 741 vera
791 669 1030 762 conceptione
1054 666 1151 740 facta
1175 666 1406 738 membranae
1431 675 1469 736 et
1494 663 1671 738 resimlae
1696 659 1817 760 primo
1841 661 2018 740 forman:

431 814 503 878 tur.
553 799 795 877 Attantoidem
822 816 905 876 ante
931 805 1140 900 ernbryonis
1173 803 1419 874 rudimentum
1446 802 1535 874 vidit
1560 800 1787 876 Kuhlemanu
1813 812 1849 873 et
1871 804 1910 873 in
1936 802 2020 896 ejus

433 941 626 1034 superlicio
651 952 800 1010 externa
828 943 978 1036 embryo
1004 944 1133 1030 uritur,
1158 939 1212 1010 uti
1234 938 1323 1032 pulli
1347 939 1587 1031 primordium
1608 941 1646 1007 in
1671 937 1782 1006 vitelli
1799 939 2019 1032 superficie;

438 1099 481 1148 es
507 1088 626 1148 antem
653 1100 721 1170 pro
748 1061 854 1148 saeco
879 1080 1038 1150 urinario
1063 1100 1137 1155 uon
1171 1085 1224 1145 est
1253 1074 1437 1165 habenda,
1462 1075 1517 1144 uti
1544 1074 1604 1143 alii
1630 1075 1918 1165 contenderunt3
1950 1075 2021 1145 sed

436 1213 629 1294 nntri'tioni
654 1214 772 1284 foetus
797 1239 911 1308 aeque
935 1216 1085 1287 inservit
1111 1239 1153 1284 ao
1177 1208 1338 1286 vitellum
1363 1213 1401 1286 in
1427 1211 1570 1299 eribus3
1597 1212 1747 1280 eaedem
1772 1214 2023 1306 proprietates

438 1349 581 1419 tunicae
607 1351 808 1444 erytlrroidi
835 1375 979 1446 quoque
1005 1351 1251 1438 conveniunt3
1283 1351 1470 1441 utriusque
1494 1348 1827 1440 liquor.eontentus
1854 1349 2024 1420 similiter

438 1487 629 1558 nutritioni
656 1489 805 1559 inservit
829 1489 945 1581 priori
969 1499 1156 1583 tempore;
1198 1487 1235 1557 id
1267 1484 1515 1556 concludimus
1556 1505 1604 1552 en
1634 1484 1905 1575 magnitudine,
1948 1509 2025 1578 qua

440 1626 702 1716 praeexistunt,
729 1636 764 1694 et
787 1636 906 1696 totum
932 1636 1077 1696 uterum
1102 1647 1192 1717 prae
1224 1621 1421 1715 embryone
1448 1629 1637 1711 occupant.
1686 1619 1737 1690 Ut
1761 1621 1877 1688 omnis
1902 1621 2030 1714 prima

442 1760 612 1830 formatio
637 1761 675 1830 in
700 1763 935 1832 nutritionem
963 1785 1051 1834 mox
1074 1760 1223 1848 transit,
1257 1759 1307 1827 sie
1333 1779 1476 1848 quoque
1501 1755 1599 1826 hisce
1623 1756 1755 1826 tunicis
1780 1779 1860 1825 eam
1887 1755 2030 1848 proxi-'

443 1920 501 1966 me
530 1898 806 1968 adscribendam
832 1922 908 1968 esse
937 1897 1158 1988 judicamus,
1196 1897 1250 1967 uti
1277 1894 1443 1964 omnibus
1468 1895 1528 1964 ovi
1559 1894 1691 1984 tunicis
1724 1893 1844 1986 primo
1870 1894 1917 1962 ad
1939 1891 2029 1962 sor-

442 2034 657 2123 mationem,
690 2036 821 2106 deinde
847 2037 892 2106 ad
918 2035 1152 2106 nutritionem
1185 2030 1474 2118 redimentibus,
1509 2031 1546 2098 in
1574 2053 1646 2123 quo
1683 2032 1830 2100 amnion
1856 2054 1938 2098 eum
1964 2031 2029 2101 sl-

444 2169 603 2240 lantoide
629 2181 665 2240 et
705 2174 826 2243 tunica
852 2170 1062 2265 erythroide
1087 2159 1243 2239 'omnino
1269 2170 1448 2237 convenit.
1500 2167 1630 2236 Elucet
1663 2168 1794 2236 exinde
1827 2165 1922 2235 inter
1956 2190 2029 2260 ge-

445 2309 688 2394 nerationem,
733 2298 994 2378 incrementum
1040 2305 1250 2398 embryonis
1284 2313 1321 2370 et
1353 2306 1592 2378 nutritionem
1623 2302 1758 2372 nullam
1783 2303 2030 2375 differentiam

448 2440 672 2511 essentialem
698 2444 853 2516 existere
878 2466 993 2542 posse·

546 2753 634 2826 Pari
660 2755 802 2826 ratione
827 2756 880 2825 uti
905 2756 1001 2826 inter
1032 2757 1303 2848 generationem
1327 2730 1564 2860 'aequivocam
1589 2763 1626 2821 et
1650 2751 1833 2827 serualem
1860 2751 1911 2823 ita
1940 2777 2032 2847 quo-

379 2937 382 2946 ·
453 2912 524 2982 que
548 2891 644 2959 inter
669 2915 796 2961 sexum
830 2905 865 2963 et
892 2893 1192 2986 aphroditismum
1225 2892 1275 2960 sic
1300 2889 1435 2959 dictum
1468 2891 1567 2960 nulla
1598 2873 1751 2959 inveniri
1778 2902 1897 2981 potest
1921 2891 2036 2960 diffe.·

449 3028 571 3098 fontia
589 3006 812 3118 essentialis,¹
831 3028 971 3122 integer
997 3031 1220 3123 organismus
1247 3027 1292 3096 ad
1309 3050 1436 3095 sexum
1462 3025 1592 3096 referri
1611 3026 1718 3094 debet
1744 3038 1780 3093 et
1801 3023 1859 3094 ille
1885 3029 2036 3118 quidem

450 3163 615 3233 animalis
656 3163 764 3231 seriei
810 3165 1030 3234 sublimioris
1080 3191 1101 3233 a
1146 3165 1297 3231 minima
1331 3162 1392 3228 itta
1444 3162 1665 3254 polyporum
1715 3185 1845 3255 nempe
1892 3164 2031 3235 solum·
2143 3209 2144 3246 2

453 3299 562 3368 modo
590 3295 709 3386 quoad
735 3297 885 3386 gradum
917 3297 1050 3364 differt.
1099 3295 1264 3390 Polypus
1297 3317 1375 3367 mes
1408 3304 1445 3363 et
1469 3295 1630 3368 loemins
1654 3297 1778 3384 simul,
1813 3298 1888 3368 sine
1921 3325 2033 3394 orgae

458 3456 590 3503 norum
611 3431 811 3502 sexuulium
834 3431 1082 3524 separatione,
1126 3431 1237 3502 homo
1269 3429 1340 3501 hoo
1366 3451 1511 3526 quoque
1540 3442 1611 3520 est,
1636 3433 1750 3501 solum
1776 3457 1817 3503 ea
1835 3459 1916 3504 cum
1935 3439 2038 3510 disfe-

456 3571 591 3660 rentia,
627 3570 724 3661 quod
749 3589 885 3660 organa
912 3591 1019 3640 sexus
1050 3578 1215 3662 separata
1238 3566 1277 3638 in
1312 3566 1455 3640 duobus
1478 3567 1650 3638 lateribus
1674 3570 1848 3662 oppositis
1874 3595 2036 3666 appare.

459 3717 531 3776 ant.
580 3706 719 3776 Nullibi
743 3708 780 3776 in
804 3717 934 3784 nutura
956 3703 1087 3795 saltus,
1119 3706 1181 3776 sed
1205 3706 1376 3778 transitus
1401 3709 1618 3776 successivus
1644 3704 1688 3774 nb
1713 3705 1838 3774 infimo
1866 3707 1913 3776 ad
1940 3733 2037 3783 sum·

460 3862 579 3932 mum,
611 3868 632 3911 a
655 3869 794 3912 summo
820 3867 982 3915 recessus
1007 3843 1052 3912 ad
1079 3845 1212 3930 irnnm3
1253 3840 1500 3934 oppositiones
1531 3836 1666 3932 ubique
1698 3838 1749 3909 ad
1776 3854 1950 3933 punctum
1977 3849 2040 3918 in-

420 3961 421 3964 *
463 3952 635 4046 differens
669 3980 944 4073 conjunguntur.
1018 3979 1264 4052 Profundiora
1300 3975 1568 4050 sublimioribus
1606 3961 1858 4069 subordinate,
1900 3982 1937 4050 in
1970 3984 2040 4056 illis

467 4117 621 4208 repetita
648 4128 683 4185 et
706 4141 874 4211 expresso
902 4127 996 4207 sunt,
1023 4127 1152 4210 utpote
1177 4117 1259 4186 idea
1284 4113 1517 4185 dominantur
1541 4127 1731 4209 conceptu.
1782 4115 1824 4185 In
1847 4141 1914 4188 acu
1940 4145 2042 4217 meg-

462 4264 547 4322 nete
572 4265 668 4324 tacta
693 4255 851 4324 medinm
878 4255 1141 4324 indifferentiae
1166 4253 1355 4346 polorum3
1390 4251 1542 4344 quisque
1566 4263 1687 4322 autem
1715 4252 1820 4345 polus
1846 4254 1948 4325 alteri
1973 4283 2043 4352 per

467 4415 505 4460 se
530 4402 583 4462 est
611 4395 818 4490 oppositus,
857 4385 912 4459 uti
945 4391 1194 4480 experimenta
1221 4391 1361 4458 docent.
1413 4389 1472 4459 Sie
1504 4412 1564 4460 res
1591 4409 1734 4480 quoque
1758 4389 1795 4457 in
1821 4412 1933 4482 regno
1958 4399 2045 4465 ani.·

470 4535 556 4604 mali
581 4559 618 4605 se
643 4533 764 4604 habet.
815 4527 945 4616 Quiris
975 4528 1085 4597 horno
1117 4525 1438 4620 hermaphroditus
1463 4537 1536 4612 est,
1578 4525 1629 4595 ait
1665 4523 1919 4598 celeberrimus
1944 4555 2058 4624 eques
2143 4555 2144 4568 ¹

414 4691 418 4698 ’
471 4699 491 4740 a
517 4671 685 4745 Walther
716 4671 754 4741 in
788 4667 880 4737 libro
910 4690 976 4738 suo
1010 4665 1055 4735 de
1085 4663 1327 4758 Physiologia.
1379 4661 1545 4756 Uterque
1578 4683 1686 4732 sexus
1712 4661 1866 4737 invicem
1899 4667 2047 4746 alterins
