4334 5716
1080 474 1299 517 ΨΨΦ

508 661 735 736 Momentum
760 655 918 750 primum
942 655 1170 728 formationis
1194 657 1314 727 foetus
1334 669 1416 751 post
1442 655 1792 753 apprciximationern
1818 672 1992 743 materiae

414 803 598 898 genitricis
624 797 781 890 oppositi
807 817 912 864 sexus
938 804 991 862 est
1025 816 1213 885 processus
1240 796 1611 886 eboraica-animalis,
1655 803 1824 889 analogiis
1850 802 1995 876 forma·-¹

414 941 505 1012 tioni
532 935 782 1030 crystalorum.
834 931 917 1000 Vita
943 929 1184 1024 cujuscunque
1211 933 1390 1003 individui
1416 945 1468 1003 est
1492 937 1691 1006 successiva
1718 951 1753 1006 et
1779 941 1875 1009 lenta
1902 953 1997 1012 evod

414 1079 505 1148 lutio
531 1072 756 1143 formationis
782 1071 975 1159 organicae
1002 1093 1022 1136 a
1046 1069 1196 1140 minimo
1223 1073 1339 1166 gradu
1363 1092 1476 1164 usque
1503 1075 1549 1144 ad
1575 1097 1773 1168 summurn,
1799 1078 1845 1146 ad
1870 1079 1997 1166 bomiq

416 1239 498 1288 nem
525 1226 696 1303 tanquam
722 1220 874 1278 naturae
901 1228 1087 1277 coronam.

515 1450 558 1521 Iu
584 1447 731 1520 bomine
758 1471 827 1539 qua
855 1446 1093 1516 microcosmo
1117 1448 1239 1516 omnia
1264 1468 1341 1519 sese
1364 1457 1546 1540 repetunt,
1571 1471 1663 1540 quae
1687 1451 1725 1518 in
1749 1454 1997 1523 macrocosmo

418 1599 577 1678 exstant,
604 1587 666 1655 sed
692 1583 795 1674 juxta
819 1585 1009 1677 proprium
1035 1583 1235 1654 diversitati
1253 1585 1521 1656 individuarum
1548 1589 1820 1658 convenientem
1838 1589 1997 1656 modum.

419 1729 558 1800 Omnes
591 1725 750 1792 actiones
788 1723 914 1791 vitales
951 1722 988 1789 in
1029 1719 1198 1792 universo
1223 1723 1279 1792 vel
1314 1724 1359 1790 de
1393 1725 1647 1814 nraguctismo,
1687 1727 1731 1792 de
1764 1725 2000 1794 electricitate

419 1877 481 1938 aut
508 1866 553 1934 de
581 1859 775 1930 chemisrno
809 1868 1005 1947 testantur,
1046 1857 1137 1925 trias
1168 1862 1256 1929 baec
1288 1858 1449 1928 sensibus
1482 1861 1727 1952 perceptibilis
1760 1862 1926 1928 redditur
1958 1859 1999 1930 iu

420 2000 661 2100 galvanismo,
698 1995 752 2063 uti
779 1995 937 2064 iteratim
964 1995 1002 2064 in
1029 2015 1145 2084 aquae
1179 1996 1497 2088 decompositionis
1520 1999 1771 2089 experimento
1798 1995 2002 2085 observavi,

421 2143 516 2237 quod
545 2132 810 2217 celeberrimus,
835 2132 1047 2202 immortalis
1071 2128 1260 2202 Professor
1284 2158 1404 2218 niens,
1430 2136 1608 2203 Dominus
1634 2133 1859 2203 consiliarius
1885 2131 2000 2202 eccle·

420 2279 582 2352 siasticus
607 2267 748 2340 Weber
775 2267 978 2361 Dillingae,
1010 2280 1085 2337 tam
1113 2283 1240 2339 exacte
1267 2283 1303 2338 et
1334 2271 1495 2363 per-bello
1527 2272 1764 2359 nionstravit,
1800 2271 1869 2358 vir,
1901 2265 2002 2356 cujus

420 2415 552 2492 merita
577 2410 622 2476 de
646 2405 805 2474 scientiis
829 2416 979 2473 naturae
1004 2406 1056 2472 illi
1087 2403 1319 2490 jamdudum
1353 2410 1391 2474 in
1424 2409 1609 2475 annalibus
1640 2407 1838 2474 litterarum
1866 2427 2000 2473 monu-

423 2562 584 2628 mentum
610 2550 888 2626 exstruxerunt,
921 2543 1016 2633 quod
1041 2563 1116 2608 non
1142 2541 1259 2608 imber
1285 2542 1396 2628 edax,
1435 2567 1507 2610 non
1534 2544 1654 2633 aquilo
1679 2543 1858 2633 impotens
1880 2547 2003 2630 posset

424 2691 590 2770 diruere,
619 2690 681 2748 aut
705 2677 1013 2746 innnmmerabilrs
1038 2699 1214 2746 annorum
1248 2679 1358 2745 series
1385 2678 1440 2748 vel
1467 2679 1550 2770 luga
1575 2691 1798 2770 temporum,
1832 2676 2003 2771 cujusque

426 2824 638 2900 memoriam
664 2814 924 2908 discipulorum
952 2813 1067 2906 quivis
1094 2815 1268 2902 servabit,
1294 2815 1380 2883 duru
1409 2838 1548 2884 nienior
1575 2819 1652 2908 ipse
1677 2814 1744 2883 sui.

522 3084 765 3178 Magnetismo
805 3084 1092 3175 correspondent
1128 3083 1328 3173 primordia
1371 3084 1483 3164 vitae,
1530 3081 1725 3165 infusoria,
1768 3102 1860 3170 quae
1900 3079 2004 3170 juxta

429 3229 536 3300 Oken
562 3222 753 3308 imaginem
780 3219 898 3284 lineae
922 3219 1085 3283 infinitae
1110 3215 1371 3303 praeseferunt.
1423 3211 1461 3282 ln
1488 3214 1631 3303 polypis
1657 3226 1801 3305 praeter
1827 3218 2007 3306 polarita-

430 3377 504 3433 tem
529 3360 701 3428 linearem
729 3374 872 3443 quoque
898 3350 959 3416 illa
985 3348 1184 3415 latitudinis
1210 3349 1360 3433 accedit,
1387 3372 1428 3415 ac
1454 3349 1636 3440 oppositio
1661 3351 1865 3444 superficiei
1890 3355 2009 3420 inter-

432 3521 503 3572 nae
529 3504 564 3564 et
586 3501 757 3560 externae
800 3510 837 3554 se
864 3484 1015 3577 exponit
1041 3492 1077 3551 et
1114 3486 1165 3552 sic
1201 3486 1433 3578 progreditur
1470 3487 1514 3552 ad
1548 3487 1755 3556 mainrnalia
1788 3489 1823 3554 in
1860 3489 2009 3566 bomine

433 3631 679 3713 terminanda,
713 3627 750 3693 in
791 3645 862 3715 qao
905 3620 1026 3690 omnia
1064 3621 1316 3712 phoenomena
1351 3621 1510 3690 universi
1545 3631 1715 3711 tanquam
1749 3613 2013 3716 p‹rlectissimo'

436 3771 655 3844 aemulatore
680 3763 775 3833 illius
806 3783 874 3853 per
905 3757 1242 3849 reproductionenr,
1281 3758 1560 3825 irritabilitatern
1588 3767 1624 3822 et
1648 3760 1917 3829 sensibilitatem
1943 3784 2011 3831 re-

436 3912 732 4005 praesentantur,
764 3908 802 3968 et
826 3895 952 3964 unitim
980 3893 1044 3960 sub
1071 3895 1306 3986 expressione
1354 3893 1408 3962 vis
1442 3893 1576 3980 vitalis,
1636 3894 1788 3964 actionis
1822 3899 1938 3966 vitalis
1970 3898 2010 3969 in

437 4051 676 4118 microcosmo
702 4035 752 4103 sic
778 4042 911 4126 agunt,
935 4023 987 4098 uli
1013 4031 1250 4122 galvanisrnus
1277 4029 1313 4095 in
1341 4053 1606 4108 macrocosmo,·
1643 4030 1695 4099 sic
1718 4030 1867 4124 intelligi
1893 4058 2011 4126 opor.

435 4195 484 4257 tet
514 4179 671 4260 dictuu,
696 4172 802 4240 vitam
830 4167 1038 4239 animalium
1063 4165 1290 4260 perfectioris
1316 4167 1589 4258 organisationis
1612 4171 1797 4258 processui
1823 4171 2011 4264 galvanico

380 4329 386 4338 “
436 4313 719 4412 comparandam
744 4331 829 4378 esse.

537 4526 715 4602 Attractio
741 4535 778 4594 et
801 4521 961 4616 repulsio
986 4531 1072 4592 sunt
1096 4543 1224 4592 causae
1254 4519 1473 4613 principales
1497 4530 1647 4590 naturae
1671 4525 1831 4594 omniurn
1852 4526 2015 4620 phaeno-

442 4691 631 4744 meuarum
656 4675 730 4736 tam
754 4665 794 4732 iu
817 4661 1055 4732 microcosmo
1080 4683 1189 4753 quam
1218 4660 1257 4732 in
1281 4681 1546 4755 macrocosm05
1581 4674 1780 4757 propterea
1804 4666 1916 4736 etiam
1935 4653 2011 4736 uu-
