4390 5710
490 477 535 548 79
1184 463 1399 506 &1²1⁵OE

487 651 662 724 functioni
687 652 846 744 propriis
870 651 1032 721 instructi
1067 649 1281 741 obveniunt,
1306 646 1474 743 'quornm
1506 672 1597 720 smus
1632 653 1776 720 alterius
1806 653 1947 744 indiget
1973 677 2083 724 con-

487 789 607 877 nubii,
642 800 703 859 aut
728 797 768 856 ut
794 811 900 856 sexus
932 787 1121 856 instinctus
1151 797 1291 855 tautum
1325 789 1362 856 in
1395 798 1547 878 utroque
1580 788 1768 857 individuo
1801 789 1958 860 vicissim
1998 812 2081 858 ex-

484 927 615 996 citetur
641 925 686 993 ad
713 923 898 1014 propriam
926 922 1238 992 fructificationem
1277 924 1520 1014 reciprocam,
1561 936 1622 992 aut
1657 948 1748 993 unus
1780 923 1824 992 ab
1860 925 1981 994 altero
2013 924 2081 993 ri-

485 1062 602 1130 cissim
632 1059 794 1127 coeundo
822 1057 1070 1126 fructificetur.
1120 1057 1203 1125 Ilao
1236 1057 1469 1126 formationes
1501 1061 1538 1127 in
1564 1060 1742 1130 molluscis
1766 1060 1949 1152 plerisque
1980 1084 2079 1152 gas-

484 1195 707 1290 tropotlibis,
735 1195 831 1263 etin
857 1192 1038 1266 vermibus
1061 1194 1250 1284 permultis
1276 1194 1482 1266 obveniunt.

581 1488 728 1559 Hirrulo
755 1489 975 1558 medicinalis
1000 1478 1043 1556 L.
1071 1489 1167 1556 coitu
1200 1489 1413 1560 alternatim
1449 1489 1602 1582 (copula
1630 1491 1785 1580 duplici)
1822 1513 1933 1578 genus
1960 1513 2075 1560 suum
2145 1531 2146 1578 3

482 1609 678 1720 propagat,
704 1626 759 1694 uti
786 1625 959 1694 Cruierus
987 1625 1152 1692 affirmat.
1203 1625 1330 1716 Nuper
1357 1627 1538 1694 Celeberr.
1573 1627 1635 1693 Dr.
1663 1626 1875 1716 Spiruobis
1902 1627 1950 1692 de
1978 1650 2073 1694 san·
2145 1609 2146 1612 Ἴ

482 1765 652 1855 guisogae
693 1758 905 1850 genitalibus
937 1759 1276 1851 lterrnaphroditicis
1309 1761 1440 1828 clarum
1482 1774 1516 1828 et
1547 1777 1750 1830 accuratam
1782 1763 2073 1854 descriptionem

483 1898 601 1976 dedit,
636 1919 742 1986 quam
770 1895 839 1962 lrue
865 1895 1059 1962 transferre
1095 1897 1228 1981 oculeo,
1266 1907 1305 1962 ut
1338 1896 1523 1966 introitum
1556 1900 1655 1990 quasi
1687 1899 1797 1966 saciat
1830 1899 1876 1966 ad
1908 1898 2069 1968 herma-

481 2032 738 2126 phroditorum
763 2031 931 2103 historias
954 2031 1047 2100 inter
1074 2031 1281 2099 mammalio
1305 2031 1440 2104 obrias.

576 2329 621 2398 In
647 2329 837 2423 superficie
865 2339 1015 2398 externa
1042 2326 1264 2418 abdominis,
1304 2351 1415 2397 unam
1443 2337 1478 2397 et
1502 2328 1692 2397 dimidium
1717 2328 1885 2420 pollicem
1914 2328 1962 2398 ab
1992 2354 2062 2402 ano

481 2465 632 2536 distans.
652 2475 769 2533 exstat
795 2466 833 2531 in
860 2465 979 2532 medio
1004 2463 1187 2552 foramen,
1217 2485 1287 2555 quo
1321 2466 1411 2534 cutis
1445 2474 1594 2535 externa
1630 2466 1828 2532 introrsum
1861 2488 1968 2536 versa
1995 2491 2064 2536 or.

477 2621 570 2692 gana
598 2621 717 2668 semen
743 2598 850 2668 virilo
874 2598 1116 2686 secernentia,
1150 2609 1298 2690 elprae
1324 2601 1449 2692 primis
1480 2621 1610 2692 penem
1637 2601 1788 2685 format,
1816 2602 1877 2692 qui
1901 2601 1964 2670 hic
1991 2603 2065 2671 loci

475 2737 565 2808 soris
600 2735 787 2828 procedit,
828 2745 864 2802 ct
898 2733 1041 2801 circiter
1078 2756 1189 2801 unum
1223 2733 1391 2825 pollicem
1431 2737 1469 2802 in
1497 2745 1598 2819 *statu
1635 2735 1825 2805 erectionis
1857 2739 2063 2828 prominet.

473 2871 574 2942 Intra
599 2871 760 2963 corporis
787 2867 950 2938 foramen
982 2869 1086 2960 penis
1119 2870 1608 2959 contractibili,'crassaque
1633 2861 1780 2960 vagina,
1819 2883 1921 2940 motu
1946 2875 2061 2964 peri·-

471 3008 613 3078 staltieo
637 3030 673 3075 so
701 3006 954 3096 contorqueuti
983 3016 1018 3072 et
1045 3029 1064 3072 e
1096 3005 1255 3072 musculo
1276 3015 1428 3072 cutaneo
1446 3006 1682 3092 continuasti,
1711 3005 1918 3076 involvitur.
1969 3009 2060 3080 Va·

471 3145 554 3238 gina
580 3141 670 3211 haee
695 3143 838 3210 circiter
864 3150 946 3208 octo
972 3140 1085 3208 lineas
1110 3140 1216 3229 longa
1234 3141 1389 3229 capitulo
1416 3166 1479 3208 suo
1504 3142 1697 3208 rotundato
1724 3165 1764 3210 ac
1790 3146 2057 3236 rapinguedine

473 3277 869 3349 involuto-antrorsum
896 3296 1077 3361 propensa
1109 3276 1308 3361 evanescit,
1342 3274 1404 3340 ubi
1439 3277 1566 3365 incipit
1599 3276 1746 3345 insertio
1781 3278 1909 3348 ductus
1946 3281 2055 3348 dese-

470 3414 597 3484 rentis.
650 3409 721 3476 Hic
748 3406 983 3497 conglobatus
1008 3411 1044 3472 in
1071 3405 1225 3495 nodum,
1267 3408 1365 3496 cnjus
1396 3411 1634 3481 involutiones
1667 3413 1765 3502 gyris
1800 3414 1940 3486 cerebri
1973 3417 2054 3488 hu-

401 3543 412 3557 *
470 3546 567 3618 mani
590 3568 667 3623 ‘non
691 3555 774 3613 sunt
800 3541 994 3628 absimiles,
1029 3542 1156 3614 iterum
1183 3556 1405 3638 propagatur
1438 3547 1658 3639 simplicibus
1690 3547 1839 3618 flexuris
1863 3557 2053 3643 serpenti-

469 3681 646 3754 formibus
671 3681 707 3748 in
736 3678 929 3772 superficie
955 3677 1157 3746 abdominis
1184 3681 1279 3749 iutra
1300 3683 1476 3751 arteriam
1504 3694 1704 3752 etnervum
1730 3708 1843 3776 usque
1869 3688 1916 3755 ad
1944 3691 2053 3760 unius
2145 3751 2146 3760 ,

468 3817 609 3913 pollicis
636 3816 897 3907 longitudinem
932 3814 975 3882 ab
1009 3839 1079 3883 ano
1112 3816 1244 3886 distans
1277 3819 1397 3885 statim
1432 3829 1529 3886 retro
1565 3841 1722 3909 uterum,
1767 3843 1898 3892 novem
1937 3828 2050 3896 ramis
2145 3791 2146 3844 3

467 3951 666 4026 successive
699 3953 854 4038 emissis,
890 3953 929 4019 in
961 3952 1111 4018 totidem
1144 3953 1317 4020 vesiculas
1348 3953 1534 4022 seminales
1572 3979 1635 4023 seu
1670 3956 1834 4048 didymes
1865 3959 2046 4030 intumes-

466 4085 630 4162 centibus
655 4094 690 4153 et
716 4109 763 4154 ex
789 4098 943 4176 utroque
976 4086 1086 4154 latere
1121 4111 1312 4156 nervorum
1356 4087 1553 4158 funiculum
1580 4093 1939 4186 conterminantibus,
1981 4122 2066 4168 sea

392 4291 399 4302 ,
466 4248 563 4311 men,
587 4219 736 4290 testibus
761 4222 965 4291 vesiculosis
991 4233 1179 4308 secretum,
1208 4221 1327 4292 colore
1352 4223 1455 4293 valde
1491 4225 1571 4293 albo
1603 4251 1669 4319 per
1696 4230 1842 4298 ductum
1874 4229 2046 4304 deseren-

464 4373 539 4432 tem
563 4361 602 4428 in
628 4381 761 4450 penem
789 4367 849 4425 aut
875 4357 1077 4426 membrum
1105 4359 1206 4428 virile
1233 4371 1268 4428 et
1301 4359 1430 4427 abhinc
1456 4359 1543 4428 loris
1575 4359 1726 4451 ejicitur.
1776 4365 1917 4453 Ejeotio
1957 4395 2042 4462 par·

463 4500 528 4569 tim
568 4506 776 4566 antrorsum
823 4493 1098 4562 contractilitate
1137 4513 1356 4585 organorum
1395 4496 1582 4586 ipsorum,
1627 4503 1760 4592 partim
1794 4508 2041 4578 contractione

462 4634 616 4730 spastics
640 4630 751 4702 totius
786 4628 947 4700 animalis
979 4640 1016 4700 et
1048 4630 1202 4725 denique
1233 4631 1457 4725 singulorum
1487 4633 1742 4710 fasciculorum
1782 4642 2042 4718 muscularum
