4334 5716
649 1163 994 1266 Sectio
1063 1164 1350 1294 prima
1491 1172 1496 1181 “

270 1373 327 1458 de
366 1359 627 1456 formatione
661 1364 805 1452 foetus
834 1389 880 1454 et
909 1369 963 1454 de
990 1367 1169 1454 diversis
1199 1347 1339 1490 causis
1361 1361 1730 1492 ¹partuuminso·

466 1513 671 1628 litorum,
711 1515 972 1606 deformium
1009 1541 1143 1640 atque
1176 1536 1533 1615 monstrosorum.

790 1734 1196 1768 n*-

104 1995 107 2005 ’
212 1919 357 2043 Prima
383 1964 503 2040 classis
535 1966 806 2044 deformitatum
837 1961 1102 2038 haereditarias
1129 1959 1416 2058 comprehendit.
1463 1959 1660 2054 Parentes,
1697 1965 1795 2040 filios

215 2108 422 2202 generando
449 2106 687 2207 semetipsos
708 2103 971 2198 reproduount.
1016 2103 1104 2173 Nun
1128 2111 1253 2194 partes
1274 2095 1449 2190 genitales
1471 2097 1699 2174 solummodo
1722 2123 1792 2196 ge.
1908 2157 1910 2164 .

215 2217 366 2331 nerant,
391 2239 455 2310 sed
480 2239 729 2329 individuum,
768 2237 880 2314 homo
904 2235 1072 2310 omnibus
1097 2235 1176 2306 suis
1195 2204 1378 2330 partibus,
1413 2241 1450 2304 et
1474 2231 1632 2307 infantes
1653 2260 1794 2332 pareu-
1836 2305 1847 2315 ,.

215 2387 293 2448 tum
320 2397 468 2448 suorum
494 2343 721 2442 individuum
747 2372 984 2466 generaliter,
1013 2371 1212 2466 praecipue
1235 2377 1357 2439 auteur
1380 2366 1419 2438 in
1443 2371 1688 2462 generationis
1711 2387 1797 2452 actu

216 2508 434 2610 praevalens
458 2523 679 2602 sequnntur3
716 2519 753 2578 et
777 2505 876 2578 illius
905 2509 1151 2602 proprietates
1180 2515 1257 2578 tarn
1280 2504 1582 2600 physicus-quam
1606 2512 1799 2606 psychicos

219 2657 426 2734 assumunt,
451 2654 497 2760 et·
513 2645 566 2716 sic
590 2645 679 2720 vitia
702 2655 895 2740 parentum
918 2643 1072 2740 physice
1095 2651 1132 2715 et
1155 2641 1307 2714 moralia
1330 2641 1531 2718 referunt,

319 2844 560 2938 Plrysiroruur
586 2843 757 2916 uitiorum
782 2844 920 2914 semina
942 2842 981 2912 iu
999 2840 1173 2912 teneriori
1199 2839 1408 2934 organismo
1431 2837 1583 2914 latentis
1605 2865 1684 2916 sese
1705 2853 1799 2923 teru-

219 3003 312 3075 pore
338 2978 558 3070 pubertatis,
579 2982 691 3048 immo
712 2991 879 3072 tempore
905 2979 1045 3052 altioris
1065 2979 1283 3054 evolationis
1304 2977 1343 3046 in
1362 2976 1498 3050 iisdem
1521 2969 1682 3074 urganisg
1705 3003 1799 3078 quas

220 3116 261 3188 in
285 3107 473 3208 prioribus
499 3107 630 3176 affecta
654 3121 757 3196 sunt,
787 3111 1027 3178 manifestant.

268 3329 274 3336 ·
321 3307 393 3380 Sed
419 3325 492 3374 non
516 3275 604 3374 raro
624 3303 667 3374 in
698 3299 877 3396 ipsissima
906 3301 1142 3395 generatione
1165 3299 1405 3380 deformitatis
1429 3314 1531 3376 ortus
1554 3275 1803 3409 quaerendus5

224 3411 314 3523 alias
346 3445 444 3514 enirn
477 3439 689 3532 parentibus
727 3436 895 3508 formosis
924 3460 1112 3530 nunquam
1142 3439 1299 3510 infantes
1339 3441 1521 3514 deformes
1559 3461 1804 3527 nascerentur.

223 3583 355 3676 Inopia
380 3575 556 3648 materiae
581 3549 783 3667 genitricis,
808 3573 866 3646 ¹rel
893 3573 1053 3650 defectus
1076 3575 1131 3646 vis
1155 3577 1381 3646 necessariae
1403 3589 1478 3648 tarn
1506 3601 1553 3652 ex
1577 3593 1682 3676 parte
1706 3585 1803 3659 virili
1842 3599 1848 3610 '

140 3714 145 3722 ’
223 3743 336 3818 quarn
360 3711 529 3786 muliebri
554 3711 613 3784 rel
637 3711 828 3803 utriusque
849 3710 958 3782 facile
981 3712 1229 3782 deformitates
1253 3723 1413 3784 causant.
1458 3714 1568 3786 Juxta
1596 3717 1806 3810 qualitatem

227 3867 265 3928 et
290 3851 527 3946 quantitatem
549 3849 727 3919 materiae
750 3847 936 3940 genitricis
958 3857 996 3918 et
1019 3847 1122 3938 iuxta
1147 3851 1390 3920 intensitateru
1415 3851 1547 3958 virium
1574 3855 1619 3924 ed
1644 3879 1804 3950 genera..
1870 3853 1907 3898 ‘.
1957 3913 1959 3923 Α

227 3994 368 4064 tionem
392 3983 698 4070 necessariarum,
729 3994 897 4056 creatura
928 3985 1170 4060 diversimode
1200 3995 1238 4054 et
1267 3987 1592 4084 proportionaliter
1616 3991 1806 4069 formatur.

228 4129 270 4200 si
295 4100 545 4219 plry'siologice
567 4117 790 4190 reflectendo
814 4121 910 4194 vires
933 4148 956 4195 e
978 4123 1133 4196 materia
1158 4121 1380 4216 distinguere
1402 4123 1576 4215 solemus,
1614 4089 1708 4198 bene
1733 4153 1804 4202 an-
1902 4219 1907 4232 q

216 4260 458 4366 ¹«rotandum,
490 4255 529 4328 id
553 4249 780 4326 solummodo
802 4281 873 4352 per
895 4258 1175 4334 abstractionem
1198 4227 1297 4352 lieri',
1338 4259 1400 4330 sed
1426 4261 1636 4353 neutiquam
1661 4265 1700 4334 in
1725 4269 1806 4362 ipso

147 4367 158 4378 ἢ
232 4398 441 4494 organismo
466 4399 624 4464 existere
646 4413 775 4486 posse,
813 4399 985 4488 quoniam
1016 4398 1068 4468 ibi
1097 4398 1193 4466 rires
1224 4403 1260 4466 et
1290 4398 1443 4466 materia
1469 4395 1598 4465 intimo
1622 4403 1809 4490 connubio

230 4541 376 4634 junctae
400 4518 659 4626 perfectissime
682 4551 760 4600 sese
782 4541 995 4624 penetrant,
1018 4557 1084 4610 scu
1102 4535 1228 4627 potiris
1248 4531 1353 4604 illum
1377 4501 1620 4622 constituunt,
1660 4547 1698 4610 et
1723 4507 1807 4614 cum

235 4665 489 4750 muuudooa
511 4670 620 4742 uotae
641 4689 786 4764 quoque
808 4671 963 4748 mulatio
987 4671 1136 4748 alterius
1156 4671 1317 4767 ponitur.
