4334 5716
448 503 498 572 ῃ
1150 509 1363 550 waeoe

448 701 604 790 adjacet,
635 721 716 768 eum
744 697 913 782 obducit,
940 707 976 766 et
1000 719 1070 765 una
1098 695 1179 764 cuni
1206 697 1266 764 illo
1297 697 1340 764 ad
1367 696 1566 764 testiculum
1594 697 1773 782 ascendit,
1800 721 1905 789 quem
1937 725 2043 792 qno·

450 860 517 928 qne
544 837 715 922 irnolsit,
743 849 778 903 et
807 837 848 902 ad
878 837 1115 926 posteriorem
1143 833 1296 901 testiculi
1323 834 1518 923 marginem
1554 835 1750 917 discedens,
1778 837 1814 902 in
1840 838 1931 904 duas
1960 861 2044 928 pe-

447 975 597 1043 ritoraei
623 974 771 1041 laminas
811 974 991 1057 excurrit,
1023 971 1118 1038 inter
1152 993 1239 1059 quas
1277 994 1360 1039 vasa
1392 971 1606 1061 sperrnatica
1638 971 1841 1039 testiculum
1881 974 2043 1044 adeunt.

555 1242 661 1310 Circa
698 1237 951 1331 heptoniadcru
987 1237 1192 1307 vicesimam
1224 1236 1377 1304 testiculi
1409 1236 1529 1305 locum
1567 1237 1790 1328 primitivum
1823 1239 2042 1332 relinguere

451 1378 648 1468 incipiunt,
691 1378 739 1443 ita
767 1375 910 1464 qui'lem
949 1384 989 1440 nt
1024 1374 1061 1440 in
1088 1375 1258 1441 descensu
1297 1374 1494 1440 successivo
1533 1397 1656 1442 eorum
1684 1399 1808 1466 margo
1835 1401 2044 1462 convexus,

452 1511 513 1600 (in
542 1515 599 1601 fig.
628 1513 673 1578 Υ.
700 1513 750 1578 lit.
776 1512 811 1581 d.
839 1511 873 1576 d.
900 1521 1103 1576 extrorsum
1130 1507 1273 1599 versus)
1313 1519 1514 1575 antrorsnm
1551 1521 1698 1598 spectat.
1751 1513 1801 1578 [t
1833 1513 2043 1603 plurimum

452 1650 607 1716 testiculi
632 1651 820 1717 descensus
859 1668 980 1714 versus
1012 1646 1121 1713 linem
1155 1647 1297 1735 septimi
1325 1653 1386 1710 aut
1417 1644 1520 1710 initio
1554 1647 1671 1712 octavi
1696 1652 1827 1716 mensis
1860 1659 1915 1714 est
1943 1671 2045 1738 per-

376 1845 386 1860 „
455 1795 572 1870 actns3
605 1786 716 1851 immo
743 1784 928 1850 Humerus
963 1780 999 1846 in
1033 1792 1136 1847 sexto
1164 1803 1285 1847 mense
1307 1780 1377 1866 jain
1411 1783 1446 1847 in
1473 1793 1594 1848 scroto
1627 1782 1735 1872 puelli
1768 1784 1960 1852 testiculos
1987 1789 2046 1853 in·

457 1922 567 1992 venit.
619 1920 702 1988 Hoc
729 1921 925 2011 praecipue
952 1917 1020 1983 illis
1050 1915 1200 1984 medicis
1238 1915 1437 1982 forensibus
1464 1918 1508 1983 sit
1535 1918 1688 2002 dictum,
1730 1920 1791 2007 qui
1816 1921 1977 1988 nimiunn
2010 1926 2045 1990 in

454 2054 683 2141 dijudicanda
711 2056 870 2123 foetuum
905 2052 1143 2119 masculorum
1171 2063 1286 2118 aetate
1319 2053 1365 2119 ad
1390 2053 1636 2121 testiculorum
1671 2055 1879 2124 descensum
1915 2061 2045 2150 respi-

409 2281 413 2288 .
456 2191 565 2258 ciunt.
614 2191 696 2283 lpse
720 2191 791 2278 jam
819 2189 923 2254 initio
946 2190 1060 2277 quinti
1087 2189 1219 2255 mensis
1244 2212 1305 2254 eos
1331 2188 1369 2254 in
1405 2188 1606 2256 abdominis
1643 2193 1812 2258 annulum
1840 2205 2047 2285 utriunque
2123 2223 2125 2288 p

457 2328 633 2394 intrantes
663 2326 871 2412 observavi,
918 2349 987 2413 quo
1019 2335 1183 2413 tempore
1218 2324 1430 2415 plerumque
1468 2325 1554 2391 alias
1587 2327 1703 2394 adhuc
1734 2329 1771 2394 in
1799 2330 1933 2399 eodem
1964 2333 2047 2401 loco
2124 2299 2125 2318 l

459 2471 667 2551 versantur,
692 2459 755 2528 ubi
781 2461 817 2528 in
843 2458 1010 2528 foeminis
1035 2459 1111 2526 lere
1138 2482 1279 2550 semper
1304 2462 1427 2528 oraria
1453 2483 1519 2552 per
1546 2471 1658 2529 totam
1687 2466 1795 2533 vitam
1821 2468 2047 2539 retinentur.
2119 2520 2122 2531 .

557 2729 791 2798 Descendunt
830 2729 869 2795 in
910 2748 1063 2818 corpore
1087 2726 1183 2796 ririli
1209 2749 1378 2796 vasorum
1404 2728 1607 2814 energetica
1640 2752 1764 2798 versus
1790 2733 2048 2824 peripheriam
2117 2800 2124 2821 ‚

461 2865 604 2934 actione
636 2876 671 2933 et
707 2863 939 2956 gubernaculi
978 2862 1201 2953 musculique
1237 2863 1461 2932 cremasteris
1498 2869 1743 2935 contractione
1772 2893 1818 2936 ex
1846 2869 2050 2942 abdomine
2116 2848 2122 2913 l

461 3002 500 3070 in
525 3013 685 3069 scrotum
709 2999 883 3086 testiculi,
920 3000 970 3065 ait
1004 2995 1226 3086 Akermann3
1263 3010 1317 3067 ast
1348 3023 1412 3066 cur
1448 3001 1543 3066 idem
1576 3001 1613 3065 in
1648 3003 1861 3094 elephanto,
1903 3021 1940 3075 et
1970 3012 2051 3083 aliis

461 3137 694 3225 animalibus,
718 3153 808 3204 'non
840 3157 1025 3226 nunquam
1066 3133 1105 3202 in
1142 3135 1290 3203 homine
1329 3135 1428 3226 ipsO,
1466 3140 1670 3207 arnuscnlo
1711 3153 1935 3212 cremastere
1976 3170 2054 3218 non

461 3267 672 3363 perficitur?

564 3467 753 3537 Descensu
790 3475 936 3557 peracto
981 3463 1210 3556 gubernaculi
1249 3469 1344 3537 illius
1381 3466 1574 3536 substantia
1621 3471 1749 3538 sensim
1792 3472 1984 3548 diminuta
2024 3499 2053 3552 et

464 3607 611 3676 tandem
637 3627 717 3672 cnm
745 3602 856 3670 [undo
884 3605 1026 3668 tunicae
1058 3605 1230 3693 raginalis
1264 3606 1419 3674 testiculi
1443 3607 1591 3675 conhisa
1617 3610 1763 3675 omnino
1791 3616 1969 3702 evanuit3
2010 3623 2056 3688 ira

466 3745 581 3812 credit
606 3740 804 3810 Hunterus.
855 3735 919 3806 Ast
952 3737 1012 3804 alii
1047 3749 1251 3831 autumant,
1296 3743 1574 3833 gubernaculum
1608 3767 1735 3812 carum
1768 3769 1887 3837 prope
1927 3776 2056 3825 annu.

465 3879 543 3948 lum
570 3877 833 3945 abdominalem
858 3877 906 3942 sic
932 3876 1061 3943 inserti
1097 3880 1149 3945 nti
1180 3880 1217 3946 in
1246 3879 1421 3945 intestinis
1447 3879 1608 3947 volrulns
1634 3879 1829 3969 formatur,
1854 3883 1925 3955 ant
1954 3916 2002 3960 ac
2031 3897 2058 3962 si

467 4013 712 4082 chirothecam
738 4013 839 4101 (sive
865 4011 1050 4102 digitalia)
1085 4038 1235 4082 exueres
1269 4025 1304 4080 et
1337 4037 1464 4101 unuin,
1496 4016 1690 4086 alterumue
1718 4019 1872 4108 digitum
1899 4023 2062 4097 tubulo-

466 4175 544 4220 surn
580 4151 616 4216 in
654 4172 731 4215 eam
765 4149 984 4237 retraheres,
1026 4163 1066 4219 ut
1099 4153 1184 4219 exin
1224 4162 1348 4242 postea
1383 4154 1656 4243 superficierum
1698 4156 2062 4255 extremitatumque

467 4286 566 4374 tubi,
605 4309 666 4353 seu
693 4285 844 4375 cylindri
871 4289 963 4355 ratio
999 4312 1141 4378 quoque
1174 4289 1320 4356 omuino
1348 4292 1392 4357 sit
1416 4291 1578 4380 inversa3
1619 4290 1827 4359 extremitas
1856 4293 2061 4385 guberna.

470 4425 540 4492 culi
567 4421 725 4491 Hunteri
754 4421 901 4490 inferior
928 4434 1008 4512 post
1034 4425 1242 4493 descensum
1275 4449 1402 4516 supra,
1434 4430 1600 4519 superior
1628 4437 1748 4497 autern
1774 4427 1891 4520 infra,
1928 4447 1967 4504 et
1993 4439 2064 4509 sa-

473 4561 543 4627 cies
569 4561 731 4644 interna,
758 4582 803 4627 ex
830 4558 930 4626 fibris
956 4563 1150 4652 praecipue
1183 4564 1339 4631 carnosis
1378 4565 1617 4631 musculorum
1646 4566 1934 4638 abdonrinalium
1969 4574 2066 4647 sor.

462 4705 587 4780 mata,
614 4718 706 4762 nunc
731 4695 775 4762 sit
803 4705 972 4783 externa,
1009 4709 1332 4789 cremasteremqne
1357 4713 1621 4793 repraesentet,
1660 4701 1769 4772 facies
1795 4715 1952 4779 externa
1983 4741 2066 4786 au.
