4390 5710
419 482 490 558 tlh
1101 489 1319 534 »rtet

420 693 482 754 aut
503 677 660 752 inversio
685 678 1048 786 acsimanensium,
1082 691 1144 748 ant
1169 679 1328 748 delectus
1350 675 1425 764 ejus
1448 676 1595 770 parietis
1621 676 1830 764 anterioris,
1855 675 1916 746 ubi
1943 676 1996 746 si-

419 819 495 918 mul
517 818 722 911 symplrysis
750 817 881 887 ossium
910 815 1016 912 pubis
1044 827 1080 886 et
1107 816 1318 911 operculum
1346 815 1573 885 abdominale
1608 816 1645 883 in
1665 815 1825 908 ,regione
1854 812 1997 884 vesicali

421 955 602 1026 deficiunt.

524 1233 566 1324 1)
601 1233 796 1304 Saviardua
828 1230 931 1302 nobis
963 1233 1149 1302 historiam
1175 1232 1358 1304 individui
1389 1232 1574 1321 cujusdam
1606 1231 1899 1316 communicavit,
1941 1227 2001 1296 cni

423 1371 470 1440 ob
510 1371 720 1462 genitalium
747 1371 921 1440 ‘virilium
963 1379 1196 1462 apparentem
1236 1369 1845 1462 praeponderantiam‚vestimenta
1884 1365 2003 1434 virilia

420 1506 599 1596 judicibus
634 1504 1122 1598 publicis·praescribuntur.
1174 1506 1306 1574 Postea
1346 1505 1493 1576 Parisiis
1531 1529 1568 1574 se
1599 1503 1743 1598 publice
1777 1501 2002 1589 monstravit,

423 1653 459 1712 et
491 1641 535 1711 ab
569 1641 735 1712 omnibus
778 1644 1045 1734 praesentibus,
1086 1622 1159 1710 imo
1193 1643 1339 1711 medicis
1376 1643 1462 1733 ipsis
1489 1664 1567 1732 pro·
1599 1639 1896 1732 hermaphrodito
1935 1637 2002 1706 suit

421 1778 595 1850 habitum.
646 1761 837 1850 satiandus
865 1790 984 1848 autem
1010 1791 1175 1848 naturam
1201 1779 1412 1848 muliebrem
1437 1780 1474 1846 in
1502 1802 1543 1846 ea
1570 1779 1797 1868 recognovit,
1828 1787 1863 1844 et
1888 1798 2003 1867 repo·

425 1915 555 1985 sitione
594 1917 688 1984 uteri
725 1915 915 2008 prolapsus
954 1916 1183 2008 singulariter
1220 1915 1385 2005 formati,
1424 1913 1574 1984 sorrrram
1614 1935 1757 2004 qrmque
1795 1913 2002 2004 genitalium

422 2051 653 2121 muliebrium
691 2053 822 2127 iterum
856 2054 892 2120 in
926 2075 1059 2121 novum
1096 2050 1317 2120 Parisiorum
1351 2051 1508 2120 restituit
1544 2051 1686 2118 mirum.
1735 2051 1894 2118 Similem
1923 2049 2002 2120 sere

422 2211 545 2258 casum
579 2189 742 2260 Homeus
782 2189 827 2258 de
857 2187 1014 2256 foemina
1052 2188 1207 2278 quadam
1240 2185 1538 2278 Franco-gallica
1569 2186 1673 2256 nobis
1705 2187 1872 2266 tradidit,
1911 2209 2005 2277 quae

424 2323 586 2393 Londini
613 2349 650 2396 se
677 2326 906 2414 monstravit3
941 2323 1177 2417 probabiliter
1210 2327 1335 2394 eadem
1368 2347 1459 2416 quae
1493 2311 1723 2414 praecedens.
1775 2323 1879 2392 Uteri
1906 2347 2000 2417 pro-

426 2461 545 2551 lapsus
571 2459 642 2548 jam
669 2487 689 2528 a
716 2462 841 2552 primis
867 2464 962 2530 vitae
989 2463 1091 2529 anuis
1118 2463 1273 2544 existens
1304 2486 1384 2529 erim
1412 2471 1528 2528 aetate
1553 2461 1798 2550 progredienti
1824 2441 2003 2552 auganen-

426 2597 581 2666 tabatur.
631 2598 771 2666 Collum
798 2598 891 2666 uteri
918 2608 1170 2690 perangustum
1198 2622 1290 2666 anno
1320 2602 1364 2669 ab
1393 2596 1520 2666 aetatis
1545 2596 1684 2688 puellae
1711 2595 1831 2686 plures
1856 2598 2014 2689 pollices·

426 2733 573 2825 longum
599 2759 646 2804 ex
671 2735 811 2803 orificio
837 2736 988 2826 vaginae
1014 2747 1164 2806 externo
1195 2735 1488 2827 protrmlebatur.
1538 2733 1754 2824 Superhcies
1779 2728 2002 2804 internarum

425 2871 585 2962 partium
612 2881 685 2940 tam
713 2872 774 2938 diu
801 2869 873 2957 jam
898 2883 1160 2961 protrusarum,
1196 2871 1239 2939 ab
1267 2875 1360 2970 a'e'ris
1385 2880 1552 2940 contactu
1578 2867 1728 2958 aliisque
1753 2867 1892 2956 injuriis
1917 2893 2004 2944 vex·

370 3019 374 3032 ’
427 3017 568 3078 atarum
595 3007 711 3078 torma
737 3005 892 3076 naturali
922 3007 1083 3099 perdita,
1120 3011 1233 3077 cutim
1260 3009 1442 3078 mentulae'
1468 3007 1580 3078 virilis
1603 3003 1793 3098 referebat.

528 3287 572 3377 a)
598 3284 716 3352 Maria
743 3283 844 3375 Auge'
869 3284 1017 3352 Parisiis
1042 3297 1146 3376 nata,
1173 3311 1193 3354 a
1220 3289 1430 3378 parentibus
1456 3287 1547 3374 suia,
1572 3283 1692 3378 puella
1717 3284 1887 3372 educata,
1913 3312 1998 3359 sex-

427 3420 562 3490 ualinm
590 3430 708 3488 autem
735 3418 965 3486 deformitate
996 3422 1107 3488 serius
1143 3425 1343 3516 recognita,
1378 3424 1496 3491 multis
1531 3422 1726 3504 delineata,
1768 3421 2006 3515 pluribusque

428 3557 544 3628 adhuc
572 3557 669 3643 visa,
702 3556 848 3624 tandem
882 3555 1088 3624 Londinum
1121 3559 1235 3650 petiit.
1288 3559 1377 3628 Erat
1402 3561 1453 3627 illi
1486 3570 1623 3627 statura
1656 3557 1866 3644 mediocris,
1903 3571 2000 3631 tem-

426 3703 675 3786 peramentum
701 3691 815 3761 hilare
839 3703 874 3762 et
900 3692 1027 3782 vivax,
1062 3693 1170 3764 facies
1197 3694 1372 3786 oblonga,
1400 3691 1528 3766 'vultus
1561 3694 1777 3763 lineamenta
1802 3717 1874 3764 non
1901 3700 2002 3768 inso-

422 3830 509 3914 lita,
553 3822 959 3922 regularia,'mammae
983 3825 1213 3902 mediocriter
1239 3835 1475 3934 seriorantes,
1514 3833 1727 3899 coxendices
1753 3840 1872 3899 autem
1899 3833 2003 3904 inae-

428 3967 562 4059 quales.
587 3967 733 4034 Clitoris
759 3955 961 4035 monstrosa
982 3969 1171 4038 simulabat
1195 3994 1324 4062 penem
1351 3967 1478 4058 glande
1502 3981 1537 4034 et
1562 3969 1751 4058 praeputio
1779 3969 2001 4063 instructum,

427 4104 486 4172 cui
526 4113 646 4171 autem
678 4103 826 4172 urethra
857 4102 970 4172 virilis
1017 4115 1137 4174 tamen
1173 4106 1373 4175 deficiebat.
1424 4103 1589 4195 Corpora
1622 4127 1815 4172 cavernosa
1849 4106 1924 4197 ipsa
1957 4111 2004 4180 ad

426 4242 538 4310 latera
570 4262 646 4308 esse
680 4239 904 4318 videbantur.
956 4242 1037 4335 (De
1079 4240 1207 4332 quibus
1241 4253 1359 4310 autem
1392 4265 1486 4310 nrrnc
1520 4265 1592 4310 non
1626 4239 1779 4331 amplius
1806 4239 2002 4338 dubitatur,

429 4381 513 4473 quia
544 4399 697 4468 corpora
728 4403 923 4450 cavernosa
954 4401 1026 4446 non
1053 4379 1146 4470 'peni
1177 4387 1317 4447 tantum
1352 4380 1546 4448 sedetiam
1580 4375 1737 4444 clitoridi
1765 4392 2000 4472 convenruut;

427 4527 553 4610 utpote
578 4513 760 4606 nymphae
786 4517 898 4585 virilis
925 4514 1093 4583 methrae
1120 4516 1215 4607 parti
1241 4518 1453 4608 spongiosae
1478 4513 1719 4606 respondent.)
1773 4513 1892 4583 Porro
1910 4509 2003 4587 infra

428 4676 558 4748 penem
591 4651 818 4721 clitorideum
850 4649 948 4720 labia
978 4651 1116 4738 majora
1146 4650 1333 4722 refexione
1365 4654 1455 4723 cutis
1483 4651 1638 4722 formata
1672 4651 2018 4753 conspiciebanturg
