4334 5716
833 465 1049 512 sewu!
1337 457 1341 466 '
1691 457 1743 542 ‚di

165 668 306 732 rectum
342 658 440 750 quasi
471 679 539 752 per
573 677 738 734 onmium
769 663 908 726 tanturn
942 652 1088 748 obtegit.
1136 649 1297 724 Lamina
1324 673 1412 726 vero
1443 653 1562 728 tenuis
1594 655 1740 750 quidem

166 817 234 888 per
259 797 385 864 duetus
409 793 609 864 deferentes
640 793 678 862 in
708 790 881 864 vesiculas
912 789 1102 860 seminales
1132 790 1381 886 continuatur,
1419 815 1583 886 quarum
1602 815 1737 888 supera

164 931 285 1004 ficiem
310 941 496 1002 externam
520 927 681 1022 glabram
705 927 940 1028 mitidamque
959 925 1120 1000 reddit.-

259 1227 424 1318 Uterqne
447 1224 631 1296 testiculus
656 1247 678 1292 a
703 1223 828 1316 primis
859 1221 1067 1294 animalium
1094 1223 1358 1318 quatrupedum
1384 1223 1562 1312 exordiis,
1595 1221 1633 1292 iu
1659 1241 1735 1294 rna·

160 1365 221 1434 dia
235 1361 445 1433 abdominis
469 1362 622 1434 cavitate
647 1359 824 1432 intestinis
850 1359 1104 1447 circumdatus,
1130 1360 1176 1429 ad
1200 1383 1328 1432 renum
1352 1360 1553 1452 marginem
1577 1359 1735 1430 inforio-

158 1523 235 1568 rem
244 1501 405 1602 haeserat
420 1521 533 1591 aeque
549 1521 591 1566 ac
608 1495 744 1586 oraria,
762 1497 800 1566 in
814 1517 1009 1590 progressu
1023 1495 1248 1585 graviditatis
1262 1505 1379 1566 autem
1390 1495 1522 1566 sensim
1537 1473 1733 1585 descendit,

159 1647 195 1706 ct
219 1659 285 1740 per
308 1647 475 1730 paratam
499 1657 566 1728 pro
592 1657 635 1702 eo
663 1632 934 1702 transmittendo
959 1633 1055 1702 viam
1086 1631 1129 1700 in·
1149 1642 1307 1700 scrotum
1333 1631 1531 1720 delabitur,
1567 1640 1634 1718 ut,
1671 1653 1733 1700 re·

155 1771 251 1842 clusa
274 1795 372 1842 nuno
398 1791 519 1844 versus
544 1771 708 1842 infimum
733 1777 891 1841 vertrem
915 1777 1043 1862 porta,
1068 1767 1265 1857 rarissime,
1298 1767 1397 1840 etin
1430 1731 1613 1860 plerisque
1635 1749 1732 1837 indtss
1836 1787 1842 1796 ·

152 1907 270 1982 viduis
291 1873 477 2002 ¹nunquam
503 1907 541 1976 in
565 1907 759 2000 pristinum
783 1903 958 1976 domicilii
972 1905 1092 1976 locum
1116 1904 1287 1974 recedere
1311 1903 1437 1998 possit.
1486 1903 1611 1976 Homo
1634 1929 1731 1979 nuno

151 2069 232 2118 cum
252 2044 439 2140 plerisque
463 2041 773 2136 quadrupedibus,
804 2041 874 2112 nisi
899 2041 1110 2133 elephantus
1136 2041 1278 2133 aliaque
1302 2039 1455 2110 minoris
1477 2039 1583 2109 molis
1608 2040 1727 2132 brute,

151 2203 304 2274 quorum
333 2201 523 2264 recensum
554 2176 724 2246 Hallerus
761 2184 798 2246 et
837 2174 1015 2248 Catienus
1049 2176 1155 2248 uobis
1186 2175 1384 2264 dederunt,
1422 2173 1547 2246 forsan
1579 2173 1624 2246 ab
1656 2141 1726 2248 liae

147 2315 273 2410 regula
297 2305 548 2406 exceptionem
580 2309 736 2400 faciant,
774 2310 811 2381 id
845 2307 924 2379 fere
949 2333 1140 2381 commune
1164 2309 1294 2402 babet,
1328 2319 1370 2381 ut
1400 2308 1460 2383 vel
1492 2333 1624 2404 unum,
1665 2311 1725 2386 rel

110 2427 115 2434 ’
145 2465 339 2556 utrumque
364 2447 586 2536 testiculum,
623 2443 680 2517 vel
707 2467 839 2516 moxs
874 2457 981 2536 pann
1016 2445 1073 2518 vcl
1097 2447 1206 2539 paulo
1233 2455 1315 2538 post
1347 2443 1467 2534 illum,
1505 2457 1624 2518 scroto
1656 2447 1720 2520 in.-
1786 2445 1793 2474 '

145 2589 280 2658 clusum
306 2594 418 2678 gerat.
467 2581 671 2654 Desocnsns
696 2579 755 2652 ille
780 2579 935 2652 testiculi
970 2591 1135 2652 constans
1168 2581 1362 2675 ligamento
1387 2581 1545 2652 rotundo
1570 2581 1722 2654 tubulo-
1828 2567 1834 2572 ⁵
1912 2591 1919 2608 “

142 2747 202 2812 so,
229 2721 272 2792 ab
295 2719 444 2792 llallero
472 2705 673 2810 cylindrus,
714 2716 759 2788 ab
792 2715 961 2789 Hnntero
996 2724 1116 2788 autem
1137 2717 1418 2812 gubernaculum
1444 2729 1593 2807 vocato,
1617 2725 1720 2814 regi·

139 2871 210 2930 tur.
259 2855 359 2926 Huic
384 2851 625 2947 gubernaculo
644 2852 811 2921 ¹Huntori
848 2852 888 2921 iu
919 2851 1087 2924 foeminis
1118 2853 1264 2946 quidem
1298 2875 1443 2944 qnoque
1475 2853 1600 2926 similis
1631 2857 1714 2926 for-

141 2995 252 3068 matio
278 2991 553 3082 ligamentorum
580 2987 676 3054 uteri
701 2993 854 3054 teretum
880 2988 1141 3078 correspondet
1148 3013 1162 3068 ,·
1187 2989 1344 3062 attamen
1371 2986 1460 3056 haec
1484 2991 1626 3062 ratione
1651 2995 1715 3064 de·

139 3153 263 3206 cursus
295 3136 403 3215 etque
434 3118 641 3189 insertionis
682 3119 720 3184 in
753 3119 848 3188 uteri
883 3118 1118 3202 substantiam
1151 3147 1175 3190 a
1208 3121 1462 3214 gubernaculis
1494 3123 1583 3214 illis,
1622 3152 1716 3222 quse

135 3263 308 3343 testiculis
338 3260 566 3343 inseruntur,
598 3251 815 3345 discrepent.
863 3251 1063 3344 Utriusque
1094 3256 1239 3346 organis
1267 3255 1438 3326 formatio
1464 3265 1581 3330 ortum
1608 3286 1714 3343 suum

136 3417 363 3478 communem
387 3391 487 3462 ducit
510 3389 546 3458 in
572 3386 665 3458 isaie
690 3385 865 3457 exteriori
890 3397 927 3458 et
950 3389 1124 3458 anteriori
1156 3389 1291 3461 ossium
1322 3389 1431 3484 pubis
1460 3383 1563 3463 libris
1594 3401 1713 3474 cellu-

134 3541 220 3616 losis
245 3519 359 3620 laxis,
385 3549 535 3622 quarum
570 3523 744 3616 quaedam
778 3545 799 3594 e
827 3533 975 3594 textura
998 3524 1061 3593 illa
1090 3523 1449 3603 fiibroso-oellulosa
1491 3535 1619 3626 scroti,
1654 3539 1713 3626 (h,

132 3681 193 3772 fig,
223 3669 267 3744 V.
291 3665 383 3736 Tab.
409 3658 479 3758 11.)
501 3671 562 3730 arat
587 3659 747 3754 pudendi
772 3659 951 3730 labiorum
977 3659 1175 3752 majorum,
1212 3661 1305 3730 aliae
1330 3673 1450 3732 autem
1475 3685 1496 3731 e
1525 3671 1708 3760 periosteo

133 3813 219 3886 ossis
242 3803 337 3876 illius
363 3797 512 3892 prodire
535 3795 719 3887 videntur,
757 3793 957 3880 funiculum
982 3819 1208 3866 consmunem
1240 3797 1459 3886 formantes,
1497 3803 1560 3894 qui
1584 3831 1708 3890 annu-2

125 3953 205 4022 ‚lum
230 3913 494 4014 abdominolem
520 3933 629 4042 petit,
672 3955 824 4024 euinque
849 3953 1040 4026 permeans
1075 3931 1185 4010 libras
1210 3931 1415 4004 dicessere
1440 3941 1610 4014 musculis
1631 3924 1706 4019 ab.

128 4074 369 4158 dominalibus
407 4068 461 4185 (gt
484 4066 544 4158 fig.
569 4065 616 4138 V.
651 4067 748 4138 Tab.
778 4065 850 4159 ll.)
890 4068 1038 4160 obliquo
1070 4069 1214 4138 interno
1252 4077 1289 4138 et
1320 4078 1524 4144 transverso
1556 4099 1701 4176 nempe,
1735 4158 1739 4167 ι

127 4223 224 4294 circa
248 4201 341 4284 hano
365 4207 552 4300 regionem
577 4213 691 4294 ortas,
718 4203 859 4302 recipit.
885 4203 964 4276 iola
995 4203 1143 4276 Hunter
1168 4204 1207 4274 in
1232 4203 1399 4276 erinaceo
1431 4215 1540 4280 testes
1571 4209 1611 4284 in
1636 4213 1702 4284 ab.

128 4351 274 4428 domiue
298 4352 524 4418 remanentes
548 4339 656 4430 sidit,
690 4340 736 4410 ad
761 4363 851 4432 quos
882 4349 1076 4411 cremastcr
1101 4364 1149 4412 ex
1181 4339 1329 4434 obliquo
1352 4341 1498 4414 interno
1522 4350 1698 4422 ascende»-

124 4497 197 4566 bat.
245 4485 289 4556 ln
314 4480 506 4554 abdomine
529 4498 626 4572 poue
658 4475 829 4548 annulum
860 4475 1081 4570 inguinalcm
1106 4499 1294 4570 processus
1318 4475 1520 4574 peritonaei
1544 4482 1699 4576 vepna„

122 4631 170 4703 lis
198 4618 342 4700 naum
373 4618 495 4710 dnum
528 4618 678 4690 coecum
709 4612 749 4708 in
779 4613 947 4708 interiori
969 4609 1208 4710 'extremitate
1236 4635 1305 4706 pua
1334 4611 1496 4706 sermm
1532 4611 1699 4708 tunicata

962 4747 1037 4849 (5)
