4390 5710
478 498 501 568 ῡ
513 499 528 567 ‘2
1177 506 1391 552 *rme

479 718 569 793 pore
603 705 685 762 ante
720 693 866 784 quintae
909 691 1130 785 septimanae
1170 688 1396 778 granditatis
1437 687 1546 758 finem
1587 686 1751 759 omnibus
1788 690 2077 761 characteribus

478 855 585 902 nexus
612 841 771 898 externis
797 840 836 896 ut
862 828 1075 920 plerumque
1101 825 1209 893 etiam
1234 824 1401 892 omnibns
1435 827 1599 916 eorporis
1638 827 1817 917 aperturis
1851 849 1885 896 r.
1919 851 1949 892 e.
1987 827 2072 913 arai,

477 969 634 1038 orisetc.
660 985 793 1032 carere.
844 963 884 1033 In
911 965 1108 1054 embryone
1142 962 1369 1050 quatraginta
1402 971 1557 1050 quatuor
1582 961 1722 1030 dierum
1757 960 1942 1032 Celeberr.
1978 959 2074 1030 An-

477 1099 634 1171 tenrieth
660 1099 778 1189 primo
804 1099 900 1166 intra
926 1097 1125 1167 funiculum
1151 1093 1390 1162 umbilicalem
1416 1106 1450 1162 et
1483 1097 1762 1185 prominentiam
1796 1097 1884 1166 ossis
1916 1123 2072 1191 coccy-

476 1239 530 1330 gia
559 1234 783 1303 tuberculum
811 1256 873 1300 seu
900 1233 1099 1302 colliculum
1127 1229 1231 1297 valde
1262 1230 1454 1321 exiguum,
1487 1253 1556 1320 qua
1583 1233 1824 1324 principium,
1858 1256 1921 1302 eeu
1946 1235 2070 1303 rudi-

475 1382 639 1443 mentum
665 1368 871 1456 genitalium
898 1393 985 1437 mox
1011 1367 1281 1436 formandorum
1308 1364 1530 1451 obseruarit3
1562 1368 1599 1434 in
1625 1367 1696 1434 alio
1724 1367 1924 1458 embryone
1951 1371 2068 1460 [pairi-

475 1508 645 1599 quaginta
671 1505 826 1571 duornm
853 1505 992 1572 dierum
1027 1502 1197 1594 genitalia
1230 1499 1409 1566 foeminea
1442 1504 1561 1592 primo
1595 1502 1657 1569 sub
1684 1502 1800 1571 forma
1833 1525 1973 1596 parrae
2002 1509 2065 1575 ri-

473 1642 594 1716 mulae
619 1638 713 1707 iusra
741 1637 961 1726 colliculum,
987 1638 1026 1705 in
1051 1638 1206 1706 sormam
1232 1635 1485 1704 semilunarem
1512 1638 1775 1728 prominulam,
1807 1640 1962 1731 aurique
1994 1666 2067 1712 ex·

472 1791 617 1864 ternae,
643 1773 895 1842 formationem
921 1774 1126 1859 inchoanti,
1166 1795 1236 1838 non
1266 1768 1443 1856 absimile,
1478 1784 1663 1862 apparent.
1715 1773 1843 1842 Omnis
1877 1789 2065 1868 apertura

471 1914 576 2010 prius
610 1912 746 1995 oritur,
786 1927 891 1999 quam
925 1907 1186 2000 prominentia,
1227 1928 1318 1994 quae
1357 1907 1389 1971 ei
1421 1905 1558 1991 adjacet
1589 1918 1625 1975 et
1660 1930 1823 1998 quaeque
1854 1910 1980 1983 forma
2009 1915 2059 1984 ab

470 2045 576 2119 initio
601 2042 736 2136 ubique
765 2055 822 2118 est
854 2045 1026 2136 aequalia.
1078 2040 1274 2112 colliculus
1316 2040 1377 2108 ille
1428 2062 1514 2109 mox
1546 2042 1585 2111 in
1618 2043 1820 2114 clitoridem
1845 2052 2054 2141 excrescit3

468 2193 506 2253 et
528 2182 567 2251 in
593 2179 805 2274 quibusdam
830 2177 1080 2249 mammelibue
1112 2176 1165 2246 uti
1192 2178 1229 2244 in
1259 2166 1448 2266 lomello,
1487 2178 1525 2249 in
1556 2177 1680 2274 lepore
1713 2179 1803 2252 haee
1834 2184 2055 2277 genitalium

465 2315 746 2392 foeminnorum
776 2314 947 2387 formatio
972 2323 1145 2386 remanet.

560 2610 821 2712 inmseptimam
845 2612 998 2706 septima
1023 2621 1086 2682 aut
1111 2621 1238 2686 octava
1261 2607 1332 2702 jani
1359 2609 1585 2686 tuberculum
1611 2613 1720 2704 illud,
1749 2615 1787 2685 in
1812 2638 1949 2713 eorpus
1973 2622 2049 2694 cti.

462 2748 575 2824 tondi
598 2747 715 2820 simile
738 2749 986 2842 prominulum
1012 2758 1049 2819 et
1086 2751 1122 2818 in
1149 2748 1242 2819 faeie
1276 2749 1352 2840 ejus
1387 2751 1552 2820 interiori
1582 2752 1676 2820 rima
1701 2753 1874 2843 quadam,
1912 2757 1954 2830 in
1979 2763 2046 2834 mi

349 2873 353 2882 ’
460 2888 604 2961 foveam
629 2885 856 2976 excuneati,
891 2886 1046 2958 divitum
1075 2895 1244 2958 mutetur.
1293 2885 1440 2956 Clitoris
1471 2888 1508 2956 in
1541 2889 1742 2980 septimana
1773 2889 1978 2965 distinctior
2005 2909 2045 2969 et

458 3035 579 3095 erecte
611 3023 715 3116 penis
748 3022 785 3092 in
822 3023 969 3092 modum
1005 3045 1051 3092 ex
1090 3022 1221 3114 angulo
1264 3023 1416 3092 duarum
1456 3023 1630 3114 plicarum
1669 3024 1859 3114 planarum
1894 3031 2046 3121 prodit;

456 3161 556 3256 glans
588 3157 663 3250 ejus
694 3161 733 3228 in
771 3161 905 3230 nodum
940 3157 1136 3230 rotundum
1174 3158 1386 3246 terminata,
1423 3159 1565 3228 inferne
1601 3183 1622 3226 a
1655 3158 1748 3228 rima
1780 3159 2041 3250 pudendorum

454 3295 626 3380 finditur,
669 3303 706 3360 et
737 3293 895 3383 primum
935 3295 1124 3385 vestigium
1157 3291 1335 3362 labiorum
1371 3292 1550 3377 majorum
1588 3293 1653 3362 sub
1686 3293 1804 3364 forma
1834 3317 2036 3390 parvarum

455 3427 547 3498 cutis
570 3425 747 3519 plicarum
774 3425 1011 3517 oblongarum
1037 3437 1208 3522 apparet,
1250 3451 1340 3522 quae
1365 3428 1501 3502 sensim
1526 3428 1565 3498 in
1591 3429 1697 3500 dorso
1721 3431 1826 3526 penis
1850 3433 2038 3514 clitoridei

453 3573 691 3658 evanescunt,
716 3564 803 3660 quin
827 3585 908 3634 eum
935 3563 1115 3659 obtegant.

548 3856 682 3934 Versus
706 3861 941 3957 septimanam
974 3862 1151 3934 decimam
1182 3863 1241 3936 rel
1274 3858 1501 3933 undecimam
1526 3860 1633 3932 soree
1666 3883 1729 3933 seu
1762 3873 1933 3956 apertura
1966 3875 2030 3943 ani

450 3997 593 4074 irima
614 3999 864 4090 pudendorum
889 4023 956 4092 per
987 4008 1127 4092 partem
1161 4011 1350 4070 eutaneam
1383 4008 1623 4067 transversam
1668 3999 1826 4091 primum
1857 4006 2024 4096 periuaei

448 4135 692 4209 rudimentum
716 4131 905 4205 formando
931 4145 1117 4228 separatur
1125 4157 1136 4222 3
1172 4133 1269 4204 labia
1294 4143 1446 4203 externa
1470 4132 1652 4205 volumine
1678 4136 1839 4207 auctiora
1863 4137 1960 4212 inter
1985 4169 2026 4216 sc

447 4273 626 4366 margines
659 4270 772 4340 rimae
807 4269 1060 4364 pudendorum
1091 4272 1266 4361 tumidos,
1307 4271 1353 4340 ad
1378 4269 1544 4363 glamiem
1577 4270 1750 4341 clitoridia
1787 4291 2026 4352 excurrentes

447 4407 624 4498 simulque
654 4406 898 4500 nympharum
929 4407 1134 4477 rudimenta
1172 4409 1446 4498 constituentes,
1487 4407 1684 4479 continent.
1733 4405 1869 4481 Versus
1901 4419 2018 4511 nepti.

445 4567 587 4618 manem
613 4543 863 4614 duodecimam
895 4544 1000 4617 fovea
1027 4545 1191 4636 genitalia
1223 4544 1267 4618 ab
1301 4567 1370 4618 nno
1402 4545 1475 4638 jam
1506 4544 1689 4637 naenuto,
1728 4568 1790 4618 seu
1822 4543 2021 4642 ligamento

445 4679 715 4754 interlabiorum
739 4679 902 4778 reparari
927 4680 1064 4776 incipit.
