4334 5716
407 489 450 540 l!
1096 483 1314 532 etto*

406 671 583 737 structum
613 692 687 742 non
720 671 879 765 longius,
910 672 1137 744 solummodo
1164 675 1317 746 crassius
1348 672 1441 745 collo
1473 671 1669 770 ordinario¹
1685 671 1781 744 uteri
1811 671 1984 766 simplicis

410 802 594 896 observes3
621 818 658 875 et
689 831 813 880 versus
845 809 996 879 landum
1029 809 1120 900 ejus,
1152 809 1249 902 (litt.
1274 833 1309 902 g.
1334 809 1395 901 lig.
1421 808 1507 901 Vl.)
1540 813 1602 902 qui
1627 809 1723 879 solus
1751 807 1864 878 sunda
1889 809 1986 879 uteri

410 962 616 1034 compresso
643 966 709 1014 nec
743 947 780 1016 in
812 947 926 1016 aciem
960 946 1149 1018 efformata
1182 949 1377 1040 adaequat,
1409 945 1600 1038 spatiolum
1630 943 1851 1037 triangulare
1882 943 1989 1016 lineis

410 1074 570 1147 incurris
595 1080 690 1150 inter
715 1105 822 1152 crure
846 1105 909 1152 seu
933 1105 1053 1156 ramos
1087 1085 1226 1154 arboris
1257 1085 1303 1152 ad
1335 1082 1448 1150 latera
1466 1082 1510 1150 ’ἱη
1535 1103 1671 1164 cornua
1696 1080 1860 1151 abeuntis
1880 1080 1992 1151 dete-¹

413 1233 494 1303 ges,
525 1217 622 1305 quud
649 1220 767 1310 spatio
797 1219 1009 1311 triangulari
1040 1222 1135 1290 uteri
1165 1219 1340 1314 regularis
1372 1229 1408 1288 et
1439 1216 1611 1311 simplicis
1643 1217 1822 1287 humanae
1857 1217 1991 1310 speciei

415 1355 702 1443 correspondet„
725 1355 755 1423 si
784 1354 937 1424 fundum
969 1355 1068 1426 illum
1099 1357 1248 1448 planum
1279 1357 1373 1426 iuter
1406 1377 1542 1424 cornua
1569 1355 1677 1424 situm
1705 1354 1877 1422 extendas
1904 1360 1994 1438 sur-j

415 1509 493 1554 sum
521 1489 557 1554 in
583 1488 731 1558 fornicis
762 1489 930 1580 formam,
956 1515 1133 1563 cornuum
1169 1516 1284 1563 masaa
1316 1501 1353 1562 et
1384 1513 1511 1562 carum
1546 1501 1698 1581 uterque
1723 1491 1855 1558 sensim
1880 1488 1994 1558 dimi-

415 1633 578 1692 nuuntur
600 1623 714 1692 fundo
740 1625 836 1696 uteri
862 1627 1008 1720 ejusque
1036 1629 1115 1703 cavi
1140 1638 1176 1697 et
1200 1629 1317 1722 spatio
1343 1625 1557 1719 triangulari
1582 1625 1834 1695 crescentibus.
1920 1683 1925 1688 .

518 1819 634 1911 Spatii
666 1823 789 1914 anguli
821 1827 1011 1897 anterioris
1044 1837 1218 1920 punctum
1249 1826 1434 1898 immobile
1466 1827 1562 1896 intra
1596 1846 1701 1894 crura
1734 1823 1874 1895 arboris
1897 1823 1995 1895 vitae

419 1967 602 2044 remanet,
628 1957 664 2024 in
694 1959 819 2031 eodem
845 1961 945 2046 loco,
982 1961 1046 2030 ubi
1072 1965 1161 2034 alias
1187 1964 1317 2032 collum
1342 1962 1437 2031 uteri
1461 1961 1608 2053 incipit;
1650 1983 1736 2052 ergo
1770 1969 1887 2029 totum
1918 1959 1997 2028 sere

420 2091 514 2161 istud
542 2115 673 2184 cerpus
700 2118 892 2165 commune
916 2097 1142 2168 solummodo
1178 2098 1311 2167 collum
1337 2099 1431 2167 uteri
1464 2097 1621 2165 bicornis
1647 2106 1915 2188 repraesentat3
1943 2092 2002 2164 uti

422 2239 544 2296 autem
578 2230 795 2322 enrbryones
828 2257 1013 2326 nunquam
1047 2236 1082 2302 in
1118 2236 1210 2306 collo
1244 2237 1359 2320 uteri,
1399 2234 1463 2302 sed
1503 2234 1540 2300 in
1583 2256 1671 2300 cavo
1705 2243 1766 2301 aut
1792 2233 1888 2302 cavis
1925 2230 2004 2320 ejus

424 2363 658 2448 evolvuntur,
682 2368 733 2433 sic
756 2368 854 2437 haud
879 2370 1109 2460 impossibilis
1132 2383 1184 2437 est
1209 2371 1247 2438 in
1273 2361 1377 2438 utero
1403 2369 1593 2437 bicornuto
1620 2367 1892 2459 supersoetutio‚
1918 2367 2007 2458 quia

425 2499 543 2570 foetus
575 2501 732 2592 singulus
764 2526 875 2572 unum
910 2515 971 2574 aut
1005 2505 1158 2574 alterurn
1191 2528 1305 2574 cornu
1336 2515 1477 2572 tantum
1512 2514 1665 2595 occupat
1698 2514 1734 2573 et
1767 2501 1843 2591 ejus
1875 2525 2005 2573 cavum

427 2637 621 2706 crescendo
648 2642 830 2731 extendit3
856 2641 1088 2709 membranae
1115 2641 1174 2710 ovi
1201 2643 1316 2710 solum
1341 2642 1483 2709 ratione
1507 2640 1698 2711 uoluminis
1724 2639 1842 2709 foetus
1867 2661 2007 2734 expan-

427 2775 580 2862 duntur,
607 2775 643 2842 in
670 2777 798 2868 primis
825 2801 910 2868 ergo
944 2778 1170 2868 graviditatis
1195 2779 1355 2870 periodis
1386 2777 1547 2845 nondum
1581 2778 1617 2844 in
1646 2798 1773 2845 catum
1806 2776 1895 2846 illud
1926 2775 2009 2845 col-¹

427 2910 502 2981 lum
530 2909 691 2980 formans
716 2916 1001 3006 protruduntur,
1037 2927 1072 2982 et
1101 2914 1145 2982 ab
1172 2914 1216 2982 iis
1248 2912 1427 2984 orificium
1461 2913 1624 2982 nondum
1651 2921 1705 2980 est
1729 2912 1907 3000 clausnm3
1943 2925 2010 2980 ste-¹

427 3071 512 3120 men
539 3047 642 3117 virile
669 3060 705 3118 et
731 3052 878 3122 ovulum
903 3051 977 3119 sine
1004 3050 1155 3120 minimo
1180 3049 1441 3142 impedimento
1466 3049 1504 3117 in
1532 3047 1684 3115 alterum
1711 3070 1824 3116 corun
1850 3049 2012 3120 nondum

429 3189 717 3277 impraegnatum
744 3187 935 3276 pervenire
961 3195 1129 3277 possunt3
1172 3193 1208 3249 et
1240 3183 1305 3248 tali
1328 3181 1438 3248 morlo
1472 3176 1576 3248 fieret
1608 3183 1716 3251 etiam
1750 3183 2010 3278 superloetatio

431 3325 470 3392 in
502 3321 650 3390 canibus
676 3321 826 3410 aliisque
850 3296 1101 3386 mamuralibus
1128 3315 1342 3407 multiparis‚
1368 3313 1429 3383 ubi
1456 3316 1572 3387 forma
1598 3319 1691 3387 uteri
1717 3317 1904 3390 bicoruuti'
1920 3320 2015 3391 collo

435 3468 472 3528 et
498 3457 638 3525 orificio
663 3455 817 3548 simplici
842 3453 967 3547 regulo
999 3462 1168 3524 constans
1200 3463 1271 3540 est,
1302 3451 1333 3520 si
1357 3452 1478 3545 prima
1503 3456 1694 3545 conceptio
1721 3479 1768 3526 ex
1793 3480 1867 3525 uno
1887 3457 2012 3526 orario
2039 3467 2043 3475 '

436 3603 575 3664 tantum
584 3593 620 3660 in
631 3613 744 3660 cornu
759 3584 1209 3681 illicurrespondentefiat.
1225 3587 1267 3664 In
1277 3587 2014 3685 graviditatcmamrnaliumcerteutroquo

438 3756 552 3804 cornu
581 3728 653 3823 jam
684 3729 820 3822 pluries
847 3727 952 3800 valde
980 3725 1164 3796 diversum
1192 3722 1431 3815 ernbryonum
1463 3745 1655 3796 numerum
1689 3727 1889 3800 observavi.
1939 3731 2014 3801 Cur

438 3891 551 3938 unum
577 3890 688 3936 cornu
712 3889 784 3936 nou
805 3874 927 3958 posset
951 3885 1103 3948 vacare,
1136 3860 1165 3931 si
1196 3861 1234 3929 in
1269 3858 1383 3927 altero
1415 3883 1509 3930 unus
1535 3861 1670 3935 alterve
1702 3863 1873 3959 erubryro
1905 3868 2014 3938 inre-

439 3997 565 4078 nitur?
615 4001 759 4072 Deinde
790 4001 828 4068 in
859 4009 979 4068 oestro
1012 4006 1215 4068 revertente
1244 3994 1502 4088 superiactatio
1534 3995 1572 4067 in
1605 4021 1719 4069 cornu
1744 4022 1860 4072 vacuo
1885 4003 2013 4098 perlici

440 4151 580 4240 posset3
614 4149 650 4208 et
679 4147 779 4206 tanto
812 4133 952 4203 facilius
983 4134 1020 4203 in
1052 4132 1212 4202 loemina
1244 4132 1420 4220 humana,
1457 4155 1550 4223 quae
1581 4131 1683 4224 juxta
1715 4138 1877 4230 regulam
1902 4163 2013 4210 unrtm

442 4279 678 4366 embryonem
702 4273 816 4342 solum
842 4272 1018 4362 concipit,
1047 4270 1108 4364 qui
1134 4270 1242 4338 etiam
1269 4268 1307 4337 in
1332 4290 1404 4338 uno
1440 4278 1580 4340 tantum
1614 4295 1729 4342 cornu
1771 4274 2015 4367 evolveretur5

380 4429 382 4436 ’
444 4418 535 4489 alter
559 4413 677 4483 foetus
703 4431 750 4478 ex
774 4405 1076 4500 supersoetatione
1102 4415 1202 4475 ortus
1233 4405 1273 4478 in
1299 4406 1412 4478 altero
1446 4430 1559 4478 cornu
1590 4413 1882 4500 augmentatione
1905 4413 2016 4485 rolu-

447 4556 553 4626 minis
576 4550 631 4621 sui
656 4545 692 4614 in
719 4543 973 4638 progrediente
1005 4542 1219 4636 graviditate
1255 4563 1377 4614 versus
1400 4541 1550 4614 fundum
1576 4538 1666 4638 (litt.
1690 4570 1723 4640 g.
1747 4547 1809 4640 lig.
1833 4547 1900 4620 Vl.
1924 4548 2019 4621 'rabs

448 4686 647 4788 11.)illum
672 4685 821 4782 planum
846 4682 941 4754 uteri
971 4679 1144 4777 simplicis
1175 4675 1307 4752 fornica·
1338 4679 1678 4775 correspondentem
1709 4681 1845 4756 foetum
1876 4687 2018 4782 primae
