4390 5710
1704 487 1766 580 ,95

185 677 288 750 oculo
315 680 377 752 ita'
392 677 559 774 quidem,
596 689 637 752 ut
667 675 740 770 jarn'
772 675 952 750 sacculum
984 672 1256 772 canicorum}
1285 683 1392 776 'quein
1424 673 1582 788 mittunt
1618 689 1766 774 vocant·
1879 693 1885 710 “

185 837 230 884 eo
255 818 386 890 certius
409 817 542 890 intueri
566 817 725 903 diceres,
765 837 847 886 cum
879 813 1024 884 sinistra
1048 814 1123 908 ejus
1153 839 1240 908 pars
1269 813 1443 890 tumidior
1475 823 1665 915 paululum
1689 841 1763 908 ex-

183 963 310 1040 staret,
336 961 374 1022 et
395 937 649 1046 propenderit.
699 951 837 1022 Panem
861 961 983 1022 autem
1014 949 1077 1021 ubi
1103 951 1225 1043 digitis
1250 954 1432 1028 attolleret
1455 958 1522 1028 sub
1550 941 1679 1028 eodem
1704 957 1810 1040 τὶι-,ιΙ

182 1108 280 1156 mant
301 1087 458 1160 advertit
483 1087 674 1182 oblongam
698 1089 856 1160 hiantem
882 1109 992 1158 unum
1020 1073 1165 1157 circiter
1182 1091 1435 1164 centimetrum
1457 1093 1634 1164 diametro
1659 1113 1765 1161 men·

182 1221 332 1294 dentem
356 1197 453 1293 intus
477 1225 579 1294 tenui
603 1199 984 1298 cinctammembraua
1008 1222 1157 1314 rubella,
1182 1227 1327 1298 mucida
1353 1231 1562 1298 excretioua
1585 1225 1765 1300 caerulea·

184 1367 343 1447 centem,
368 1382 486 1453 neque
510 1360 639 1431 ductus
663 1359 856 1430 uretlrralis
889 1361 1068 1432 orificium
1092 1383 1216 1454 neque
1242 1365 1408 1434 internae
1431 1367 1663 1435 membranae
1688 1365 1763 1436 du-
1788 1449 1807 1456 α

182 1494 356 1588 plicatae,
389 1519 495 1589 quam
529 1497 707 1594 nymphas
738 1507 891 1584 vocant,
930 1497 1044 1568 ullum
1083 1499 1254 1592 apparuit
1284 1497 1486 1592 vestigium.
1535 1501 1646 1572 Pania
1684 1473 1765 1594 ipse

185 1633 276 1702 cutis
303 1631 454 1700 flaccido
478 1633 717 1722 induebatur,
743 1653 835 1726 quaa
861 1611 957 1700 circa
981 1631 1121 1723 glandis
1147 1655 1322 1706 coronam
1344 1635 1382 1704 in
1406 1635 1520 1728 plicas
1544 1634 1764 1730 multiplices

183 1767 432 1868 attollebatur,
458 1769 771 1839 sraenulosubtus
802 1769 985 1862 praeputii
1019 1768 1182 1841 adinstar
1208 1771 1363 1844 adnexo,
1405 1762 1529 1840 'Glans
1559 1793 1635 1842 non
1668 1741 1784 1844 tacu*

183 1914 281 1994 erat,
317 1907 380 1976 sed
418 1907 514 1974 nuda
539 1927 688 1998 prorsus
723 1905 906 1996 praeputii
939 1905 1072 1996 regulis
1106 1915 1206 1976 retro
1238 1906 1406 1998 glandem
1435 1907 1601 1994 reuersis.
1652 1905 1780 1976 Panis.

116 2117 121 2124 ¹
183 2013 324 2108 sursum
347 2042 454 2110 tracti
487 2039 638 2110 inferior
670 2017 780 2110 iacies
813 2041 853 2108 in
883 2039 1013 2110 lineam
1047 2016 1312 2113 terminabatur
1345 2051 1629 2130 excrescentem,
1669 2061 1763 2145 quae

185 2171 434 2242 centimetrum
459 2177 638 2266 producta
664 2167 939 2250 terminabatur.
988 2175 1045 2246 Ad
1068 2178 1183 2246 latera
1214 2177 1530 2270 vaginulis'rimae
1563 2177 1636 2248 duo
1662 2197 1761 2272 pen·

186 2306 320 2376 debant
345 2309 478 2378 sacculi
500 2309 668 2378 tumiduli
694 2311 804 2378 scroti
834 2311 947 2380 instar
970 2312 1094 2402 rugosi
1128 2311 1224 2384 labia
1256 2325 1407 2386 externa
1439 2312 1600 2408 pudendi
1626 2311 1761 2382 mulie·
1829 2392 1833 2404 ,

182 2439 283 2528 bris,
306 2451 347 2510 ut
371 2453 529 2512 scrotum
553 2443 668 2537 rapha
693 2443 871 2532 distincti,
903 2447 967 2518 aed
995 2469 1040 2516 ea
1061 2447 1277 2539 profundius
1302 2450 1391 2541 siu,
1430 2449 1468 2518 in
1494 2419 1614 2522 medio
1641 2457 1781 2542 autem

185 2578 352 2648 distincta
384 2579 517 2648 rimula
557 2547 680 2654 divisi,
725 2578 873 2650 Horum
906 2581 997 2656 alter
1022 2582 1186 2652 'sacculus
1226 2595 1263 2654 et
1297 2585 1441 2680 quidem
1478 2584 1608 2656 dexter
1645 2583 1776 2656 altero'

185 2713 295 2808 paulo
327 2711 444 2804 major
478 2715 664 2786 tumidior·
683 2725 720 2784 et
751 2719 865 2810 magis
895 2717 1064 2788 deorsum
1095 2731 1304 2824 protrusus,
1343 2721 1488 2792 sinister
1521 2743 1608 2792 vero
1641 2721 1765 2790 minor
1865 2749 1868 2758 ’

184 2851 329 2946 planior
361 2861 398 2920 et
416 2847 543 2942 'magis
573 2851 619 2920 ad
649 2851 782 2942 inguen
816 2851 939 2923 elatus.
989 2853 1126 2926 Tactus
1154 2856 1192 2922 in
1218 2855 1275 2922 his
1304 2855 1468 2948 pudendi
1494 2855 1597 2924 labiis
1629 2873 1761 2950 corpus

186 2987 326 3058 nullum
351 2986 531 3078 prodidit,
564 3009 659 3076 quae
685 2987 829 3054 testium
860 2989 1102 3080 praesentiam
1127 2990 1323 3080 indicaret,
1362 2991 1451 3082 quin
1483 2992 1605 3086 potins
1630 3012 1772 3064 vacuos.

190 3122 336 3192 eoadem
361 3121 502 3190 cellusa·
525 3129 663 3190 tantum
698 3119 772 3188 tela
808 3120 966 3214 repletos
997 3122 1093 3192 illico
1126 3121 1295 3210 judicavi.
1345 3125 1386 3194 Si
1415 3123 1599 3218 mingebat
1631 3124 1761 3214 inians,

189 3278 238 3328 ex
260 3267 338 3328 toto
366 3253 519 3348 reginali
545 3257 655 3336 ductu
680 3255 785 3327 urina
811 3256 1005 3348 profluxit,
1047 3257 1288 3352 nequeenim
1321 3259 1420 3332 aliud
1450 3261 1621 3334 uretltrae
1655 3260 1761 3332 orifi⁴

188 3396 284 3466 oium
310 3393 541 3486 conspicuum
566 3403 668 3478 erat,
687 3393 772 3484 quia
797 3391 1013 3484 profundius
1038 3393 1076 3462 in
1104 3393 1219 3466 canali
1244 3395 1401 3489 reginali
1428 3395 1510 3492 (qui
1537 3407 1657 3466 antem
1684 3419 1765 3466 mea
1860 3427 1866 3438 ·

192 3531 365 3625 opinione
389 3529 439 3598 nil
465 3528 563 3602 aliud
589 3539 644 3602 est
667 3527 737 3602 nisi
762 3528 910 3600 bretlna
932 3529 1012 3624 ipsa
1035 3529 1182 3602 insolito
1208 3530 1358 3604 dilatata
1382 3531 1622 3648 seduuimium
1646 3529 1764 3628 emta)

25 3699 29 3706 ·
186 3665 342 3763 prosiliit
365 3665 502 3736 lotium.

289 3979 401 4052 Penis
432 4000 504 4048 non
537 3978 631 4050 inter
662 3975 760 4050 labia
792 3989 944 4052 externa
989 3979 1104 4050 rimae
1139 3979 1291 4056 vtrlvalis
1326 3983 1451 4074 prodit
1483 3982 1546 4056 sed
1572 3983 1618 4054 de
1643 3988 1766 4050 monte

192 4118 351 4204 veneris,
384 4115 422 4184 id
446 4115 509 4204 ist,
541 4115 781 4206 sympbyseos
807 4117 924 4210 pubis*
939 4119 1112 4188 anteriori
1146 4127 1182 4188 et
1207 4117 1413 4210 prominulo
1438 4131 1542 4210 parte
1569 4117 1767 4200 enascitur,

192 4254 277 4324 licet
300 4275 390 4344 ruga
414 4261 565 4324 cutanea
590 4249 741 4341 insignis
762 4253 884 4322 radica
908 4255 1012 4348 penis
1045 4253 1304 4347 superimineat
1337 4265 1373 4322 et
1403 4253 1499 4322 bunc
1523 4253 1625 4344 qnasi
1658 4257 1767 4340 tegat.

87 4461 93 4468 ,
194 4389 370 4480 Quamvis
395 4397 515 4458 autem
539 4388 642 4480 penis
666 4386 935 4480 imperioratus·
954 4389 1020 4479 sit,
1059 4389 1244 4460 tamenin
1275 4389 1414 4480 glandia
1446 4387 1620 4458 anteriori
1644 4395 1680 4454 et
1705 4383 1769 4450 in-

192 4527 320 4600 feriori
345 4535 449 4617 parte
473 4525 626 4594 rimulae
651 4545 784 4616 anceps
807 4525 998 4616 vestigium
1023 4525 1326 4618 deprehenditur,
1360 4525 1455 4616 quod
1481 4545 1605 4594 versus
1630 4517 1770 4614 glandis

197 4661 411 4755 cerporibus
441 4661 644 4734 cavernosis
675 4681 810 4734 nexum
846 4683 994 4756 prorsus
1027 4663 1217 4737 erauescit.
1268 4661 1373 4752 Quae
1405 4658 1638 4754 praeputium
1668 4653 1771 4749 penis
