4334 5716
1068 471 1284 528 ‘ww

493 673 602 746 Valet
636 674 703 744 hoc
737 664 879 764 qnoque
911 668 957 740 de
990 673 1027 743 vi
1059 673 1232 765 genitrice
1264 680 1302 742 et
1334 671 1547 764 formative,
1586 677 1680 744 inter
1719 688 1809 766 qrras
1839 682 1969 752 revere

392 813 490 884 nulla
518 813 724 881 differentia
751 810 947 879 essentialis
972 811 1089 879 datur.
1139 811 1264 880 Homo
1299 834 1372 880 non
1407 836 1480 880 una
1511 813 1589 882 vice
1620 813 1658 880 in
1691 813 1788 879 coitu
1818 823 1854 880 et
1886 835 1968 883 cum

394 950 559 1019 omnibns
585 950 656 1017 suis
681 949 845 1040 partibus
871 958 1065 1038 generatur
1092 957 1128 1016 et
1152 947 1349 1035 formatur,
1383 948 1446 1015 sed
1473 947 1557 1015 illae
1582 947 1680 1017 lento
1707 958 1743 1015 et
1768 950 1968 1019 successivo
2037 937 2038 940 ¹

392 1088 522 1156 ordine
547 1110 568 1154 a
594 1090 629 1156 vi
657 1085 888 1174 evolvuntur,
927 1083 1026 1172 cujus
1053 1085 1147 1152 actio
1174 1085 1212 1152 in
1238 1083 1479 1176 generationis
1503 1093 1586 1151 actu
1608 1075 1647 1150 ¹in
1686 1089 1836 1154 materia
1862 1089 1970 1178 geni-

391 1223 483 1292 trice
514 1245 664 1291 accensa
701 1233 737 1291 et
767 1228 964 1313 provocata
1000 1219 1078 1290 suit.
1139 1220 1244 1290 Haec
1276 1222 1331 1294 vis
1371 1221 1612 1291 evolutionem
1655 1219 1770 1290 scetus
1812 1220 1970 1292 efficiens

330 1447 334 1460 .
392 1360 599 1440 continuam
624 1358 847 1452 physiologis
873 1357 980 1428 modo
1007 1359 1059 1429 vis
1085 1360 1255 1451 plastica,
1280 1361 1388 1432 modo
1415 1360 1515 1430 nisus
1538 1355 1833 1432 tornranvusetc.
1859 1361 1970 1430 audit.

491 1627 623 1698 Faetus
647 1626 817 1698 formatio
844 1651 931 1720 ergo
957 1629 1009 1698 nil
1034 1628 1134 1698 aliud
1162 1639 1237 1719 est,
1275 1631 1343 1698 nisi
1370 1630 1578 1699 continuata
1613 1628 1797 1720 generatio
1825 1637 1861 1698 et
1885 1623 1969 1699 am}

390 1765 459 1833 bae
486 1761 546 1833 hic
570 1788 652 1833 cum
677 1765 874 1833 nutritione
900 1767 937 1833 iu
965 1791 1076 1837 unum
1102 1767 1329 1854 coincidunt,
1356 1768 1388 1839 si
1412 1769 1521 1839 etiarn
1548 1791 1593 1836 ex
1619 1768 1785 1858 opposito
1812 1762 1968 1852 disjunc-

393 1911 451 1970 tae
478 1910 695 1996 appareant,
726 1903 854 1972 sedin
880 1905 1026 2000 polypis
1057 1903 1319 1999 perfectissime
1359 1902 1571 1997 conjunctae
1605 1926 1681 1974 sese
1707 1905 1967 1978 demonstrant.

487 2195 617 2289 Neque
642 2197 830 2270 individua
860 2213 1035 2294 generant
1060 2227 1127 2272 nec
1159 2205 1217 2275 vir
1250 2226 1316 2272 nec
1351 2202 1500 2291 mulier,
1546 2203 1609 2270 sed
1642 2223 1754 2292 genus
1786 2198 1968 2269 infinitum

392 2337 430 2406 111
455 2334 525 2404 illis
550 2357 588 2402 se
613 2347 784 2426 procreat
810 2347 844 2404 et
876 2339 926 2408 sic
952 2341 1020 2406 sibi
1055 2341 1190 2432 ubique
1221 2342 1378 2433 aequalis
1404 2353 1534 2412 natura
1566 2339 1724 2430 genitrix
1732 2359 1742 2427 5
1783 2335 1967 2430 generatio

335 2497 346 2517 ··
391 2481 428 2544 et
452 2470 659 2568 procreatio
684 2483 881 2565 propterea
905 2478 1095 2570 synonima
1122 2487 1215 2545 sunt.

1692 2554 1702 2582 Ι

489 2742 561 2812 Sed
593 2743 647 2811 uti
679 2741 904 2814 solummodo
939 2747 1046 2815 unica
1080 2747 1186 2816 datur
1220 2756 1349 2816 natura
1383 2770 1527 2833 creans,
1572 2747 1622 2816 sic
1650 2744 1779 2815 ‘existit
1822 2762 1967 2833 quoque

389 2879 496 2950 unica
524 2880 727 2972 generatio,
772 2905 864 2971 quae
891 2885 935 2953 ad
960 2887 1150 2953 essentiam
1177 2884 1311 2975 ubique
1338 2883 1496 2974 aequalis
1527 2895 1561 2950 et
1588 2884 1700 2951 solnm
1736 2882 1854 2972 quoad
1881 2903 1965 2947 rno-

389 3015 477 3084 dum
510 3017 679 3086 differens
713 3027 776 3089 est.
828 3019 974 3088 Genera
1015 3031 1154 3092 tantum
1196 3021 1329 3112 gradus
1369 3021 1655 3090 differentiarum
1693 3028 1730 3087 et
1762 3013 1966 3088 distinctum

388 3151 635 3222 characterem
662 3164 850 3222 creaturae
876 3153 1048 3238 efficiunt,

487 3443 525 3516 Si
550 3467 662 3532 genus
689 3444 835 3535 quidem
862 3445 899 3512 in
925 3444 1112 3517 individuo
1139 3457 1334 3539 generante
1358 3473 1396 3522 sc
1421 3453 1598 3545 explicat,
1636 3451 1798 3524 sednon
1825 3449 1968 3523 sufficis

305 3578 309 3586 ‘
391 3591 473 3652 ente
498 3581 674 3675 potentia,
703 3582 921 3674 productum
947 3585 1189 3674 generationis
1216 3589 1362 3678 quidem
1388 3592 1538 3678 orietur,
1564 3594 1627 3661 sed
1653 3617 1727 3663 non
1750 3595 1968 3688 perlectum,

390 3699 567 3788 distinctis
593 3729 627 3786 et
654 3719 810 3788 aeternis
837 3719 1115 3812 characteribus,
1138 3706 1334 3796 individuis
1359 3727 1464 3818 hujus
1488 3731 1631 3822 generis
1656 3729 1969 3819 convenientibus,

389 3855 614 3950 praeditum,
641 3857 702 3924 scd
727 3856 849 3948 potius
873 3857 927 3926 vis
951 3855 1013 3928 illa
1039 3881 1163 3930 creans
1188 3863 1399 3932 universalis
1425 3866 1463 3934 in
1487 3869 1549 3938 illo
1575 3871 1776 3963 praevalet.
1810 3881 1847 3939 et
1870 3891 1965 3962 pro-

391 3994 539 4062 ductum
563 3991 670 4081 hujus
694 3993 863 4060 connubii
890 3995 926 4060 in
952 3993 1191 4085 profundiore
1218 3999 1347 4090 gradu,
1387 3999 1480 4089 justo
1507 4006 1683 4078 debiliore
1717 4008 1860 4101 generis
1892 4025 1964 4076 ex·

390 4128 566 4223 premioni
594 4128 843 4220 generantium
868 4129 1136 4213 individuorum
1164 4136 1391 4206 convenienti
1417 4141 1649 4216 conformiter
1675 4147 1807 4218 retinet
1816 4165 1826 4234 ;
1851 4153 1889 4216 et
1913 4145 1966 4214 sic

389 4268 429 4336 in
459 4266 625 4355 homine,
663 4289 774 4357 opere
806 4265 861 4336 vis
893 4268 1048 4336 creantis
1082 4293 1244 4363 summo,
1281 4277 1408 4366 positis
1436 4280 1502 4350 sub
1519 4281 1814 4375 circumstantiis,
1840 4303 1966 4355 omnes

390 4404 521 4496 gradus
546 4402 787 4494 generationis
813 4403 1020 4473 animalium
1046 4405 1227 4476 inferioris
1252 4415 1545 4509 organisaticnis,
1571 4419 1823 4512 incipiendae
1849 4435 1966 4515 gene-f
1980 4459 1982 4463 v

390 4542 531 4610 ratione
555 4539 771 4631 aequivoca,
796 4561 862 4633 per
888 4540 990 4613 illum
1014 4543 1236 4638 polyporum
1260 4550 1309 4623 ad
1331 4555 1602 4648 generationem
1626 4579 1698 4655 ope
1719 4581 1829 4636 sexus
1850 4582 1966 4656 usque

388 4702 467 4753 sese
491 4688 670 4771 repetunt.
