4390 5710
421 462 472 556 9⁸
1120 467 1335 516 »tw-1⁴

523 660 579 731 Eo
611 657 683 752 jam
714 665 900 753 tenrpore,
938 681 1009 754 quo
1041 657 1160 729 infans
1192 659 1423 753 androgynus
1455 657 1529 732 rita
1564 658 1768 748 fruebatur,
1810 659 2000 730 manifesto

423 794 583 890 jamdum
609 799 647 866 in
675 797 805 869 dextro
831 798 1027 890 praecipue
1052 798 1197 866 scrotali
1222 796 1317 865 labio
1343 818 1474 888 corpus
1499 798 1742 868 duriusculum
1770 799 1806 866 in
1833 799 2002 866 cullulosa

425 933 518 1024 tela,
545 957 616 1027 qua
642 945 851 1004 contentum
876 935 963 1022 fuit,
996 933 1101 1002 facile
1127 955 1266 1003 sursum
1293 945 1329 1002 et
1360 957 1484 1004 versus
1510 932 1746 1001 abdominalis
1770 933 1893 1001 annuli
1919 934 2004 1002 liia-

425 1080 505 1152 tum
538 1071 672 1140 mobile
703 1069 1060 1164 deprehendebatur3
1099 1069 1181 1137 ideo
1223 1071 1380 1160 supponi
1418 1071 1559 1155 liceret,
1601 1069 1773 1136 infantem
1807 1072 1928 1162 potius
1960 1069 2007 1137 ad

428 1206 664 1276 masculinum
688 1232 813 1278 sexum
840 1208 1023 1301 pertinere
1056 1228 1204 1295 esseque
1230 1207 1357 1273 rimam
1391 1207 1429 1273 in
1461 1205 1569 1274 scroti
1602 1205 1716 1296 raphe
1752 1205 2008 1296 reperiundarn

429 1340 482 1412 nil
507 1342 605 1411 aliud
630 1347 700 1414 nisi
723 1355 961 1414 monstrosam
993 1342 1164 1410 urethrae
1196 1340 1538 1429 conformationem,
1579 1351 1707 1432 utpote
1741 1365 1832 1432 quae
1859 1367 1879 1410 a
1905 1345 2008 1434 penis

431 1481 876 1571 cavernosis'corporibus
908 1475 1086 1561 disjuncta
1118 1478 1230 1568 magis
1263 1479 1429 1545 deorsum
1466 1478 1688 1570 aperiretur,
1726 1480 1838 1548 scroti
1870 1477 2010 1550 tunicas

429 1611 640 1708 perforans,
666 1626 702 1686 et
728 1616 767 1686 in
793 1638 938 1686 censum
963 1613 1212 1708 hypospadiae
1237 1613 1471 1681 numeranda.

533 1925 701 1996 Sectione
727 1921 847 1996 autern
872 1927 1034 1996 instituta
1058 1923 1146 1992 nulli
1174 1924 1328 2016 amplius
1361 1924 1471 1993 dubia
1497 1947 1554 1994 res
1579 1935 1630 1994 est
1656 1924 1834 2013 sabjecta,
1871 1929 1907 1996 in
1941 1905 2011 1997 hoc

433 2059 572 2131 infante
598 2064 810 2155 androgyno
837 2062 1019 2131 testiculos
1045 2062 1167 2129 adesse
1194 2061 1390 2128 eorundem
1418 2061 1590 2129 fabricam
1618 2065 1666 2131 ita
1693 2063 1886 2156 perfactam
1907 2067 2013 2134 exis·-

356 2243 359 2251 ·
435 2208 536 2285 tere,
574 2209 614 2266 ut
641 2199 839 2268 desiderari
872 2195 1019 2266 omr³no
1046 2196 1093 2265 ad
1125 2195 1380 2288 perfectiorem
1407 2207 1607 2266 structurae
1633 2222 1796 2266 normam
1832 2199 1919 2267 nillil
1946 2201 2015 2268 de·-

436 2329 532 2402 beat.
583 2333 703 2403 Testis
737 2343 890 2425 uterque
922 2333 1041 2421 adest,
1085 2345 1121 2400 et
1149 2332 1293 2422 quidem
1327 2332 1421 2399 ultra
1460 2333 1697 2402 abdominalis
1731 2335 1852 2402 aniruli
1884 2336 2015 2409 lmritcs

439 2491 564 2539 versus
587 2469 754 2539 scrotalia
780 2452 875 2537 labia
902 2470 1108 2560 propulsus.
1161 2468 1302 2536 Dexter
1333 2469 1517 2538 testiculus
1543 2470 1604 2538 vix
1632 2471 1769 2538 nonin
1804 2472 1882 2563 ipso
1909 2477 2017 2544 scroti

440 2601 554 2674 fundo
581 2605 723 2694 haeret,
757 2606 899 2674 sinister
925 2604 1053 2672 elatior
1078 2604 1116 2672 in
1149 2603 1307 2693 inguinis
1333 2607 1481 2696 regione
1507 2606 1661 2694 residet,
1699 2619 1849 2697 uterque
1874 2613 2018 2700 perito-³

439 2739 523 2812 naci
547 2763 730 2834 processu,
758 2763 864 2832 quem
890 2741 1049 2809 tunicam
1076 2739 1276 2830 vaginalenr
1304 2741 1537 2831 adpetamus,
1563 2742 1757 2810 includitur
1783 2756 1817 2811 et
1843 2745 2019 2838 ipsissimo
2148 2794 2153 2802 ·

439 2876 526 2950 huic
548 2877 732 2972 processui
757 2898 882 2946 versus
906 2875 1144 2968 posteriorem
1170 2885 1206 2944 et
1236 2875 1414 2944 internam
1441 2888 1583 2968 partem
1609 2878 1804 2948 involvitur
1831 2893 1867 2948 et
1891 2882 2020 2976 alliga..

444 3025 506 3086 tur
531 3017 621 3085 adeo
648 3013 808 3106 quidem,
855 3022 896 3081 ut
927 3021 963 3081 et
995 3011 1203 3104 albugines,
1246 3035 1353 3102 quam
1386 3011 1560 3103 dicimus,
1595 3014 1716 3084 tunica
1745 3015 1815 3083 hoc
1846 3039 2020 3108 organum

447 3151 582 3223 arctius
605 3149 783 3224 investiat.
833 3145 1030 3217 Manifesto
1055 3145 1286 3237 distinguitur
1318 3147 1472 3217 testiculi
1506 3172 1637 3241 corpus
1669 3161 1705 3218 et
1736 3174 1808 3240 quo
1835 3156 1933 3243 quasi
1958 3168 2019 3226 te-

448 3288 565 3380 gitur,
597 3285 848 3374 epydidymis,
886 3277 997 3372 quid?
1039 3282 1166 3374 quodsi
1191 3305 1271 3350 curn
1298 3295 1387 3353 teste
1413 3284 1578 3372 infantis,
1618 3286 1714 3377 quod
1741 3287 1867 3356 eodem
1893 3295 2022 3390 gaudet
2078 3334 2083 3344 .

449 3418 666 3492 incrementi
696 3427 734 3486 et
770 3416 985 3488 evolutionis
1022 3414 1155 3508 gradu,
1197 3417 1290 3487 hanc
1329 3421 1623 3513 epydidymidem
1662 3421 1824 3492 conferas
1854 3424 2023 3514 majorem

450 3557 545 3630 hano
568 3553 725 3625 testiculi
763 3563 905 3646 partem
949 3575 1035 3637 rere
1072 3553 1218 3623 dixeris.
1271 3556 1393 3650 Caput
1424 3557 1692 3650 epydidymidis
1725 3557 1853 3648 glande
1895 3572 1931 3632 st
1963 3567 2022 3640 vix

451 3717 529 3766 non
551 3693 682 3764 tertiae
705 3690 803 3788 parti
827 3692 928 3761 testis
963 3687 1125 3782 c‘orporis
1151 3691 1299 3783 aequale
1325 3692 1410 3760 huic
1440 3693 1589 3780 insidet,
1628 3703 1664 3764 et
1688 3715 1816 3786 corpus
1842 3699 2023 3794 epydidy.

453 3832 562 3904 midis
584 3831 624 3898 in
647 3829 846 3920 longiorem
873 3827 1022 3896 caudam
1050 3827 1198 3916 desinit,
1237 3840 1432 3898 retrorsum
1461 3830 1498 3897 in
1523 3830 1670 3898 ductum
1696 3829 1914 3900 deferentem
1943 3860 2024 3908 con·

456 3970 647 4039 tinuatum.
700 3964 772 4033 Hic
798 3964 1065 4056 epydidymidis
1090 3986 1213 4034 versus
1246 3937 1455 4033 inferiorem
1481 3977 1621 4057 partem
1647 3966 1728 4034 testi
1753 3965 1870 4035 laxius
1896 3969 2027 4043 adhue·

458 4115 536 4193 ret,
573 4111 611 4170 et
639 4107 782 4167 tantum
814 4098 1015 4191 duplicatae
1047 4099 1246 4190 peritonaei
1282 4100 1417 4168 lamina
1450 4101 1566 4171 eidem
1594 4103 1753 4192 jungitur
1780 4103 1888 4192 adeo,
1928 4113 2031 4179 utet

458 4242 520 4315 tria
551 4259 675 4312 saccus
705 4234 781 4304 ille
803 4259 931 4304 coecus
964 4237 1154 4328 adpareat,
1196 4237 1258 4328 qui
1290 4249 1327 4307 et
1351 4239 1388 4328 in
1420 4237 1571 4332 perfecti
1598 4240 1665 4310 viri
1698 4235 1904 4308 orchidibus
1935 4239 2028 4312 inter

459 4388 588 4451 testem
613 4383 651 4445 et
676 4371 972 4465 eps-'didymidem
996 4372 1185 4442 manifesto
1219 4375 1388 4445 cernitur.
1442 4373 1539 4444 Vasa
1564 4375 1778 4466 spermatica
1801 4382 1900 4443 retro
1925 4377 2028 4468 peri.

461 4527 635 4589 tonaeum
659 4519 696 4578 et
720 4509 757 4578 in
784 4505 942 4598 ejusdem
966 4509 1061 4601 plica
1087 4511 1154 4580 sita
1179 4533 1301 4582 versus
1330 4523 1456 4583 testem
1484 4512 1722 4598 descendunt,
1760 4519 1797 4579 et
1820 4520 1860 4579 ut
1884 4511 1921 4581 iu
1947 4487 2030 4586 viris

466 4677 489 4720 a
511 4651 631 4741 capite
650 4667 779 4719 sersus
803 4644 1246 4742 caudamepydidymidls
1274 4659 1313 4721 in
1339 4671 1399 4742 ea,
1440 4671 1546 4743 quarn
1572 4648 1681 4719 modo
1707 4648 1925 4730 memoraviz
1962 4673 2032 4748 ps.
