4334 5716
1679 465 1733 556 sifi,

155 695 216 748 rna
251 674 401 766 lagenae
441 673 582 744 saccum
627 665 833 742 testiculum
872 667 1143 760 ianiculumqu'e
1190 661 1446 762 spermaticum'
1484 665 1729 745 continentem
1832 685 1838 692 '

156 811 308 899 former,
340 811 439 900 cajus
469 810 603 882 collam
626 809 665 876 in
698 806 831 876 annulo
863 803 1091 874 abdominale
1122 805 1249 875 sedens
1280 809 1389 876 modo
1424 816 1588 900 apertrun
1618 805 1727 878 modo
1807 787 1815 810 ⁸

159 945 317 1016 clausum
342 946 571 1016 observatur:
612 953 779 1036 apertam
802 943 842 1012 iu
872 940 943 1012 illis
974 939 1207 1028 animalibus,
1247 941 1375 1036 quibus
1400 942 1557 1013 testiculi
1586 944 1626 1012 in
1658 941 1729 1020 ab<
1905 911 1910 920 ι

108 1125 116 1132 -
160 1081 315 1152 dominis
341 1103 468 1152 cavam
492 1078 684 1170 recedaat3
722 1079 881 1150 alearum
911 1086 948 1146 et
978 1075 1207 1146 obliteratum
1233 1079 1271 1148 in
1295 1078 1441 1148 homine
1467 1087 1504 1146 et
1525 1077 1733 1150 mammuti-
1777 1095 1779 1100 '

160 1213 245 1304 bus,
271 1239 424 1308 qaorum
451 1226 577 1304 testes,
601 1215 772 1286 descensu
797 1213 870 1308 jam
896 1223 1064 1306 peracto,
1088 1235 1230 1306 semper
1255 1213 1294 1282 in
1319 1225 1437 1284 scroto
1454 1213 1641 1308 pendeat,
1666 1211 1734 1287 elsi

161 1349 236 1422 non
275 1375 380 1422 rarae
419 1353 655 1445 exceptiones
694 1349 798 1458 hujus
837 1349 983 1444 regulae
1016 1350 1056 1418 ia
1094 1349 1507 1442 corporibuslaamanis
1546 1357 1735 1434 accurunt,
1787 1405 1790 1412 .
1825 1397 1829 1402 -
1922 1380 1931 1406 ι

163 1489 361 1581 praecipue
386 1489 415 1558 si
441 1509 629 1582 processus
653 1485 825 1578 vaginulis
848 1507 922 1556 noa
947 1495 1076 1554 testem
1108 1495 1144 1554 et
1173 1483 1371 1585 ianiculum
1403 1485 1479 1577 ejus
1500 1493 1642 1556 tantum
1672 1482 1738 1564 sed
1851 1465 1855 1474 ’

163 1623 267 1690 simul
300 1623 461 1694 intestini
499 1635 641 1716 partem
674 1645 722 1692 ex
767 1622 961 1692 abdomine
991 1619 1174 1714 delapsam
1205 1633 1268 1692 out
1299 1632 1354 1693 sat
1389 1621 1566 1714 insignem
1599 1639 1736 1711 aequae

163 1757 402 1848 quantitatem
433 1761 471 1828 in
503 1781 592 1832 cavo
625 1781 690 1828 suo
723 1760 900 1848 coutinet3
939 1781 1042 1828 casus
1074 1757 1176 1849 prior
1201 1756 1328 1828 luentia
1357 1757 1561 1850 congenita,
1585 1754 1744 1835 ulterior

163 1903 285 1962 autem
311 1893 506 1986 hydrocele
530 1894 721 1988 congenito
752 1903 914 1968 vocetur.
962 1891 1007 1964 In
1036 1892 1172 1964 herniis
1203 1894 1402 1986 congenitis
1423 1891 1607 1990 parietum
1643 1911 1740 1982 pro·-¹

165 1993 284 2100 cessus
308 2029 511 2120 peritonaei
535 2031 738 2122 ccallitum,
774 2040 816 2100 ut
846 2030 942 2098 clare
973 1993 1112 2120 patet,
1129 2051 1197 2120 per
1219 2037 1334 2100 totam
1368 2026 1629 2120 longitudinem
1661 2021 1738 2114 ejas
1803 2097 1808 2108 ,

168 2163 332 2275 equitatis
357 2173 498 2234 tantum
522 2165 693 2258 impedit,
724 2173 897 2256 quantum
919 2163 1029 2254 spatii
1053 2161 1211 2254 impleat.
1260 2162 1305 2232 ln
1330 2159 1526 2254 hydrocele
1549 2159 1742 2250 congenita

169 2308 287 2394 autern
327 2299 543 2390 quandoque
581 2299 784 2392 contingit,
827 2308 869 2366 ut
908 2318 983 2366 nou
1022 2295 1187 2368 obstante
1227 2319 1322 2388 aqua
1359 2315 1548 2390 processus
1588 2294 1742 2388 vaginae

166 2429 310 2502 Helleri
347 2433 478 2502 collam
518 2456 627 2526 supra
665 2443 874 2504 contentum
911 2431 1002 2502 illud
1040 2430 1262 2504 obliteratur.
1317 2431 1451 2502 Talem
1486 2455 1610 2502 casum
1644 2428 1743 2502 Clar.

168 2567 396 2662 Sclrregerus
409 2567 634 2657 observavit,
664 2579 700 2640 et
720 2591 817 2638 nunc
841 2567 931 2638 mihi
957 2565 1115 2658 aequalia
1138 2569 1279 2638 occasio
1304 2565 1451 2640 arridet.
1501 2565 1644 2664 Eodem
1666 2566 1746 2640 iere

169 2704 242 2796 jam
266 2716 452 2798 tempore,
492 2705 556 2773 ubi
588 2704 721 2774 callum
745 2727 935 2800 processus
965 2703 1139 2796 vaginulis
1170 2703 1312 2774 occludi
1336 2703 1482 2797 incipit,
1519 2723 1645 2774 saccus
1668 2701 1744 2794 ejus

171 2863 282 2932 supra
305 2839 507 2910 testiculum
535 2807 647 2932 magia
672 2849 878 2910 coarctatur
909 2848 946 2907 ct
971 2847 1198 2928 angustatum
1237 2847 1274 2908 et
1297 2861 1393 2910 nunc
1426 2851 1568 2931 septum
1597 2837 1746 2932 obliquo

173 2975 211 3044 in
237 2975 390 3042 cavitate
416 2977 465 3042 ita
490 2985 628 3044 tensum
655 2987 825 3066 apparet,
865 2983 906 3044 ut
934 2977 974 3044 ia
1004 2973 1118 3044 latere
1142 2975 1287 3043 interno
1313 2975 1418 3042 altius
1449 2973 1664 3044 collocatum
1698 2977 1747 3046 eit
1807 2959 1812 2972 ’

176 3119 212 3176 ct
237 3129 316 3202 cum
341 3109 501 3202 pariete,
541 3109 598 3176 cui
631 3109 820 3196 imorum,
862 3109 1029 3200 angulum
1054 3117 1109 3176 sat
1136 3117 1278 3178 acutum
1303 3106 1455 3194 formet,
1495 3127 1567 3198 quo
1592 3109 1745 3178 inferior

174 3247 325 3334 vaginae
362 3267 447 3334 pars
478 3217 605 3312 test'e'm
640 3241 804 3334 cingens,
831 3227 927 3311 'a'e're
958 3241 1128 3334 innuite,
1179 3241 1423 3338 insuperiori
1455 3241 1530 3336 ejas
1554 3242 1627 3316 fine
1651 3267 1744 3338 pro-

174 3401 292 3454 cessus
319 3377 563 3450 vcrmicularis
585 3377 740 3448 formum
764 3375 913 3448 obtinet.
1391 3346 1398 3355 ι
1449 3345 1456 3352 ’

921 3639 933 3668 ι

275 3689 318 3761 In
360 3689 500 3762 casibus
540 3687 741 3764 rarioribus
784 3691 1000 3788 quandoque
1037 3693 1170 3764 cavitas
1207 3691 1359 3767 inlericr
1388 3694 1429 3766 in
1468 3689 1748 3790 superioriorem

179 3835 306 3922 aperta
331 3837 519 3922 permanet
543 3829 742 3928 arrxiliante
772 3811 949 3941 'processu
980 3827 1041 3900 illo
1076 3829 1322 3921 vermiculum,
1360 3833 1404 3901 de
1432 3851 1503 3924 quc
1529 3827 1749 3923 Schregerus

181 3965 286 4036 uobis
309 3963 477 4057 exempla
502 3966 753 4037 communicat.
804 3962 967 4036 Aderant
999 3988 1128 4062 nempe
1154 3965 1199 4048 in
1229 3985 1302 4036 una
1333 3965 1446 4037 latere
1480 3964 1574 4038 duae
1604 3965 1751 4060 hydro-

182 4103 276 4174 celes
297 4101 507 4194 congenitae
541 4101 737 4187 discretae,
775 4121 849 4171 una
878 4101 917 4172 in
951 4101 1149 4196 superiori,
1187 4101 1302 4172 altera
1335 4103 1372 4172 in
1403 4093 1567 4174 inleriori
1600 4101 1753 4206 vaginae

182 4226 325 4312 llalleri
357 4257 465 4326 cavo,·
505 4235 636 4309 ductus
665 4247 904 4332 perangustus
937 4261 1064 4350 cavum
1101 4235 1272 4330 iuferius,
1310 4261 1393 4310 cum
1424 4237 1588 4310 testiculo
1619 4257 1751 4330 aquarn

182 4373 289 4448 umal
314 4373 520 4464 continens,
553 4371 601 4442 ad
625 4375 792 4468 superius
814 4376 1002 4468 perducit,
1033 4383 1079 4486 ,οἱ
1109 4393 1234 4448 saccos
1267 4373 1426 4446 tumidos
1463 4395 1558 4466 aqua
1595 4369 1753 4464 repletos

183 4499 421 4590 reclamatum
445 4508 678 4602 gemellorum
709 4511 749 4580 ia
780 4511 939 4604 piscibus
972 4509 1077 4580 simili
1103 4510 1212 4582 mado
1244 4509 1436 4603 conjungit.
1486 4509 1598 4602 Saepe
1632 4515 1753 4578 autem

185 4649 274 4722 iliad
299 4645 461 4742 vaginae
476 4643 653 4742 septulum
685 4645 833 4720 omnino
867 4645 1059 4720 deliderari
1089 4648 1253 4744 videtur-3
1294 4657 1330 4718 et
1362 4665 1549 4742 processus
1581 4638 1755 4740 vaginulis
