4390 5710
444 466 521 556 ¹¹⁰4
1138 465 1352 506 stuta*

452 674 491 732 et
516 655 670 730 colliculi
702 639 879 725 seminatis
915 663 950 721 et
981 649 1159 758 portionis
1189 649 1284 716 uteri
1316 646 1488 738 vaginalis
1518 644 1652 716 formas
1685 647 1820 716 medias
1852 649 2021 736 inritatur,

450 797 591 868 duobus
624 791 821 862 columellis
853 792 889 858 in
922 787 1118 880 ampullam
1160 783 1357 878 vaginalem
1396 783 1554 851 anterius
1592 784 1826 879 producitur,
1867 805 1957 876 quae
1988 785 2022 854 in

448 932 608 1028 ejusdem
633 929 757 998 tunica
782 925 996 1000 investiente
1023 922 1153 998 sensim
1178 923 1379 1013 sensimque
1405 921 1600 1012 disparent.

553 1228 593 1317 8)
625 1221 846 1313 Historiam,
885 1207 1115 1314 quam‘nunc
1142 1214 1325 1315 describo,
1360 1217 1512 1308 ipsemet
1539 1213 1746 1304 observavi,
1783 1225 1818 1286 et
1844 1215 1888 1288 ab
1916 1239 1957 1288 ee
1983 1217 2024 1290 ad

451 1363 652 1436 accuratius
678 1361 953 1453 diligentiusque
980 1356 1138 1428 studium
1162 1354 1266 1444 liujus
1293 1355 1432 1445 generis
1456 1353 1622 1421 inductus
1646 1352 1740 1426 fui.·

547 1657 592 1731 In
617 1657 742 1726 ultima
767 1678 899 1748 nempe
925 1653 1098 1746 periodo,
1138 1650 1202 1720 ubi
1226 1648 1467 1719 Vindobonae
1492 1649 1721 1735 conversam,
1761 1649 1877 1718 studio
1904 1651 2023 1742 praxis

422 1787 612 1865 'medicae
644 1817 795 1884 operam
826 1813 982 1873 navans,
1019 1789 1057 1854 in
1089 1786 1254 1854 instituto
1280 1783 1543 1875 parturientibus
1569 1793 1605 1852 et
1635 1787 1824 1875 puerperis
1850 1786 2022 1855 destinato

448 1931 544 2000 inter
569 1930 657 1998 alias
682 1928 825 2020 puellae
851 1927 994 1994 cuidam
1020 1947 1090 2014 qua
1123 1923 1282 1990 medicus
1317 1919 1567 1986 obstetricator
1593 1918 1657 1987 sub
1689 1920 1888 1990 directione
1914 1921 2021 1992 Cele-

448 2065 599 2134 berrimi
623 2065 721 2134 Boe'r
748 2063 974 2150 assistebam,
1002 2081 1093 2154 quae
1118 2070 1283 2146 tempore
1308 2064 1433 2154 partus
1459 2055 1673 2122 adveniente
1696 2057 1774 2124 sine
1800 2079 1930 2146 magna
1956 2057 2021 2127 dil·

444 2201 607 2272 ficultate
631 2199 804 2268 infantem
831 2208 1009 2266 maturum
1024 2192 1182 2284 quidem,
1209 2191 1272 2260 sed
1297 2212 1450 2282 parvum
1475 2190 1717 2280 macilentum,
1743 2193 1852 2262 immo
1882 2195 2022 2284 exilem,

447 2360 489 2405 ac
515 2335 692 2428 asphyxia
724 2336 908 2402 detentum
942 2333 980 2399 in
1011 2331 1134 2398 lucem
1155 2328 1286 2416 edidit,
1328 2347 1433 2417 quem
1468 2327 1566 2393 omni
1590 2324 1713 2396 labore
1749 2328 1919 2398 ardenter
1949 2331 2021 2400 im·

445 2463 558 2562 penso
583 2471 620 2536 in
645 2469 755 2539 vitam
781 2479 920 2537 tentum
946 2466 1092 2536 brevem
1117 2485 1288 2532 revocare
1314 2461 1402 2528 milri
1429 2463 1595 2552 contigit,
1637 2472 1673 2530 et
1696 2462 1814 2537 infans
1839 2465 1911 2557 jam
1944 2477 2022 2558 post

364 2683 370 2686 ,
445 2605 602 2676 mediam
627 2604 755 2673 horam
782 2603 938 2695 elapsam
964 2601 1147 2670 ablutione
1172 2609 1320 2690 accepta
1346 2599 1440 2666 diem
1466 2596 1556 2666 obiit
1580 2622 1799 2691 supremum.

539 2867 676 2940 lithos
703 2868 839 2974 infante
866 2868 1096 2958 androgyno,
1131 2888 1238 2956 quem
1264 2863 1310 2935 ob
1338 2865 1545 2957 genitalium
1571 2873 1803 2936 externorum
1828 2867 2019 2941 formatio.

442 3027 527 3088 nem
553 3005 712 3099 puellum
738 3003 916 3096 perfecte,
956 3001 1239 3092 normaliterque
1271 3000 1464 3070 formatum
1501 3001 1692 3092 putabam,
1730 3003 1906 3095 talipedes
1941 3009 2018 3078 vari

441 3141 709 3232 exquisitissimi
753 3151 790 3208 et
833 3141 962 3207 summi
1000 3140 1148 3230 gradus.
1171 3138 1406 3206 attentionem
1446 3159 1563 3204 meam
1603 3136 1641 3204 in
1677 3161 1715 3205 se
1755 3153 2019 3213 converterunt.

441 3277 540 3344 Hinc
566 3275 740 3342 infantem
766 3273 898 3363 partim
926 3257 1123 3362 talipedum
1151 3295 1257 3360 ergo,
1282 3283 1321 3337 ut
1349 3294 1409 3337 eos
1433 3292 1700 3359 conservarem,
1734 3276 1867 3365 pertint
1891 3279 2017 3348 varia-

441 3431 522 3478 rum
548 3407 826 3476 substantiarum
852 3405 1103 3496 organicarum
1127 3377 1383 3495 disquisitionis
1408 3405 1523 3496 gratia
1549 3408 1737 3498 acquirere
1761 3414 1891 3480 studui.
1923 3413 2015 3488 Cum

439 3555 560 3614 autem
585 3545 782 3634 praecipue
810 3541 1077 3610 similitudinem
1108 3541 1284 3631 gelatinae
1318 3538 1608 3609 ll'artlronienee
1640 3542 1679 3610 in
1705 3543 1864 3616 funiculo
1891 3551 2016 3620 umbi-

438 3680 534 3750 licali
559 3701 642 3786 cum
675 3699 829 3746 corneae
869 3675 1066 3744 substantia
1099 3676 1239 3746 ratione
1272 3676 1497 3743 formationis
1532 3677 1753 3767 conferrem,
1791 3676 1910 3772 p'rimo
1941 3685 2015 3772 jam

439 3825 623 3884 momento
657 3812 884 3906 superficiem
916 3811 1119 3880 abdominis
1151 3823 1360 3896 externam,
1402 3811 1446 3879 ab
1474 3811 1645 3881 umbilico
1672 3816 1718 3883 ad
1751 3817 1881 3886 ossium
1905 3821 2014 3912 pubis

437 3949 652 4042 symphysin
678 3951 794 4040 rugis,
832 3947 1008 4040 plicisque
1042 3945 1212 4036 obsitum,
1255 3946 1394 4033 inveni,
1430 3949 1580 4038 quasin
1605 3973 1806 4042 puerpera,
1846 3964 2013 4048 tempore

435 4083 660 4178 graviditetis
684 4095 810 4154 ventre
836 4093 1038 4152 antrorsum
1062 4083 1315 4174 propendente
1340 4083 1496 4174 munita,
1523 4085 1646 4154 videre
1670 4087 1775 4176 licet3
1803 4099 1837 4158 et
1864 4091 2010 4168 adtactu

433 4222 471 4292 in
498 4221 644 4312 regione
664 4219 727 4288 illa
752 4243 884 4310 corpus
913 4242 981 4286 ova
983 4221 1235 4307 otmundum,
1276 4217 1379 4290 valde
1406 4221 1554 4308 durum,
1594 4222 1654 4292 ovi
1680 4226 1836 4296 anserini
1865 4234 2011 4342 magni-

432 4358 578 4442 tudine,
603 4356 733 4448 detegi
785 4356 879 4424 Cum
905 4326 1077 4422 dictum
1064 4377 1196 4445 corpus
1228 4355 1357 4422 durum
1391 4356 1594 4425 abdominis
1626 4362 1796 4450 operculo
1823 4372 2006 4438 concreti-

422 4493 500 4564 'ene
526 4493 693 4560 abnormi
716 4490 843 4563 intime
867 4489 1075 4580 adjunctum
1099 4479 1190 4560 mihi
1214 4491 1415 4580 videretur,
1439 4492 1634 4564 laesionem
1659 4494 1902 4592 cujuscunque
1923 4527 2009 4597 par·

429 4629 476 4705 tis
505 4647 744 4722 praecavens,
783 4625 879 4699 illius
910 4628 1074 4723 corporis
1108 4627 1443 4730 circunscriptione
1478 4629 1725 4723 integumenta
1763 4635 2008 4724 abdomiualis
