4334 5716
455 542 504 591 ,ο
1157 515 1371 575 &N

556 716 639 786 Nou
664 716 889 789 mlummoto
915 713 1160 809 oppositiones
1184 727 1353 786 externas
1377 712 1423 784 ad
1446 711 1624 785 unitateni
1649 710 1850 808 conjungit,
1873 713 1929 785 uti
1957 715 2049 786 dni

457 854 618 925 homines
643 856 680 922 in
709 856 814 923 unico
842 877 1011 946 corpore,
1036 862 1099 922 aut
1124 853 1293 945 genitalia
1320 863 1470 922 externa
1492 852 1681 942 utriusque
1706 873 1811 919 sexus
1833 851 1896 920 sed
1920 852 2051 921 etim

455 992 494 1060 in
519 989 658 1059 fabrica
683 991 825 1060 interna
849 994 956 1060 unius
985 993 1167 1084 corporis,
1206 992 1261 1058 uti
1291 991 1362 1058 duo
1391 988 1520 1075 corda,
1562 987 1651 1054 duos
1682 997 1822 1077 uteros3
1860 1009 1926 1056 cnr
1960 1009 2050 1056 non

459 1150 604 1221 quoque
635 1127 796 1199 sesualja
827 1127 946 1196 virilia
975 1137 1011 1194 et
1053 1126 1232 1195 foeminea
1265 1124 1484 1215 conjungere
1517 1119 1664 1216 posset?
1713 1122 1764 1192 Et
1797 1124 1827 1192 si
1868 1121 1939 1190 boc
1972 1131 2054 1212 est,

459 1287 526 1332 cnr
561 1287 634 1334 nou
672 1264 907 1333 convenirent
938 1262 1007 1332 illis
1042 1262 1231 1355 utriusque
1268 1285 1375 1333 sexus
1412 1261 1557 1353 organis
1593 1260 1765 1351 propriae
1806 1255 2049 1330 functiones?

461 1399 570 1488 Quod
614 1424 657 1469 eo
690 1399 804 1492 magis
835 1399 1030 1486 elucescet,
1072 1401 1158 1492 quia
1188 1399 1299 1469 homo
1334 1401 1373 1470 in
1408 1399 1528 1491 prima
1559 1393 1698 1487 origiue
1722 1395 2052 1489 herampbroditus

458 1538 668 1630 potentialis
701 1559 764 1606 seu
797 1538 918 1629 potius
956 1537 1170 1630 aphroditus
1202 1545 1277 1624 est,
1320 1547 1357 1607 et
1383 1537 1501 1606 adhuc
1527 1535 1565 1601 iu
1601 1528 1711 1599 dnbio
1736 1543 1917 1620 versatur,
1949 1556 2052 1605 num

460 1696 599 1764 organa
624 1673 787 1744 sexualia
810 1697 889 1742 sese
912 1671 1100 1759 evolvant,
1134 1683 1170 1742 et
1197 1696 1244 1742 an
1269 1661 1466 1742 masculina
1493 1669 1658 1762 quidem,
1691 1690 1737 1735 an
1761 1665 1959 1756 foeminea,
1999 1693 2051 1740 an

462 1809 625 1902 perlecta
648 1808 707 1881 vel
731 1811 982 1879 tantummodo
1008 1806 1237 1902 imperfecta,
1263 1819 1299 1877 et
1323 1811 1354 1877 si
1378 1805 1539 1900 perfecta
1564 1801 1725 1874 sexualia
1750 1807 1920 1895 opposita
1943 1808 2053 1878 evol-

465 1956 598 2015 vantur
621 1969 690 2040 per
714 1969 841 2016 verum
867 1967 1051 2014 excessum
1076 1945 1175 2013 uisus
1198 1944 1403 2030 formativi3
1429 1966 1494 2011 cur
1520 1943 1564 2009 iis
1589 1939 1791 2009 functiones
1817 1943 2051 2014 convenien-

464 2090 520 2148 tes
545 2076 750 2175 denegare?
801 2079 858 2151 An
883 2081 1070 2150 testiculus
1095 2080 1298 2172 superfluus
1320 2101 1441 2150 semen
1467 2102 1539 2148 nou
1565 2085 1724 2167 separet,
1756 2077 1862 2149 sicuti
1889 2088 2053 2171 quatuor

465 2239 644 2289 mammae
670 2221 709 2289 in
730 2243 803 2290 una
827 2221 1027 2312 eademque
1053 2216 1211 2288 foemina
1237 2215 1343 2286 simul
1368 2216 1425 2286 lac
1448 2205 1712 2286 secernebant?

567 2448 629 2520 Ex
654 2473 766 2546 supra
791 2453 896 2522 dictis
934 2457 1157 2546 concipimus
1183 2475 1350 2545 qnoque,
1384 2453 1574 2522 transitum
1599 2451 1869 2542 progressivum
1893 2459 2054 2542 notum,

470 2583 534 2654 sed
558 2607 634 2656 non
658 2588 781 2660 adesse
808 2589 937 2658 saltum
962 2592 1000 2660 in
1035 2590 1287 2662 diversissimis
1312 2589 1468 2658 bominis
1500 2587 1743 2679 generationis
1776 2587 2053 2679 productionis-j

471 2742 542 2810 que
568 2723 776 2815 speciebus;
813 2725 937 2820 ibique
969 2750 1007 2797 se
1044 2729 1178 2820 repetit
1207 2721 1391 2816 generatio
1425 2724 1624 2816 aequivoca
1656 2746 1770 2815 aeque
1796 2747 1838 2793 ac
1862 2723 1899 2793 in
1924 2724 2052 2800 infima

472 2860 708 2932 animantium
734 2862 854 2933 classe.
880 2863 971 2934 Post
996 2863 1131 2934 Okeuii
1158 2861 1399 2952 generationis
1432 2859 1611 2929 theoriam
1635 2862 1812 2929 infusione
1835 2861 1934 2929 nibil
1955 2873 2051 2955 sunt,

471 2995 541 3062 nisi
565 2993 722 3066 bominis
746 2997 924 3069 elementa
948 3011 986 3068 et
1008 2999 1205 3092 graviditas
1228 2997 1352 3088 spuria
1377 2998 1416 3064 in
1442 2996 1540 3065 mola
1566 2995 1758 3065 formanda
1788 2999 1955 3066 exoriens
1982 3021 2051 3068 re-

470 3142 694 3223 praesentat,
720 3136 774 3204 uti
800 3145 909 3228 puto,
935 3133 1158 3203 inhumano
1184 3153 1318 3223 genere
1349 3153 1479 3200 resera
1504 3133 1773 3219 generationem
1800 3132 2051 3225 aequuum,

471 3265 608 3353 talique
633 3266 742 3334 modo
774 3277 906 3334 namra
938 3289 1113 3356 generans
1148 3289 1212 3333 sua
1244 3274 1414 3354 generata
1445 3284 1513 3354 per
1548 3285 1672 3332 omnes
1691 3264 1829 3334 formae
1856 3266 2053 3342 defectivae

476 3407 514 3466 et
538 3399 740 3468 excessisse
766 3397 920 3489 gradus,
958 3409 995 3468 et
1027 3399 1285 3472 diversissimos
1319 3399 1463 3489 quidem
1494 3399 1532 3468 iu
1558 3399 1705 3490 singulis
1736 3401 1887 3472 humani
1910 3408 2053 3495 generis

476 3531 674 3602 individuis
706 3534 895 3625 perducit,
927 3534 965 3602 in
997 3535 1042 3602 iis
1073 3544 1345 3626 repraesentans
1371 3535 1479 3604 modo
1512 3534 1667 3605 formam
1700 3547 1906 3631 externam,
1944 3545 2053 3613 modo

477 3670 656 3754 internam
681 3669 876 3740 bestiarum
908 3669 1074 3738 ordinum
1100 3667 1337 3765 classiumque
1362 3670 1596 3757 inferiarum,
1630 3671 1668 3740 in
1694 3695 1919 3770 quarumque
1943 3701 2056 3772 orga⁴

480 3827 609 3878 uorum
634 3805 827 3875 functionis
852 3805 1149 3898 formationisque
1182 3806 1417 3901 imperfectae
1442 3809 1556 3902 gradu
1582 3807 1683 3904 quasi
1708 3819 2055 3892 renueremus:

481 3942 533 4011 nic
557 3940 602 4010 de
627 3944 875 4034 generatione,
904 3940 1115 4035 deciusque
1140 3948 1296 4034 organis.

583 4174 784 4246 Generatio
807 4173 1054 4246 universaliter
1087 4187 1204 4248 sumta
1231 4187 1293 4247 aut
1318 4188 1371 4248 cst
1396 4179 1593 4271 aequivoca
1617 4193 1678 4252 aut
1712 4181 1754 4254 fit
1784 4205 1852 4278 per
1885 4207 2054 4281 gemmas,

482 4313 721 4410 propagines,
751 4333 815 4382 seu
837 4309 1012 4402 stolones,
1045 4315 1240 4408 gongylos,
1275 4312 1404 4384 bulbos
1431 4325 1466 4383 et
1492 4317 1652 4388 radicum
1680 4322 1863 4412 germina,
1902 4338 1963 4394 ant
1984 4348 2054 4418 per

483 4451 763 4544 copulationem.
812 4447 1009 4518 Generatio
1044 4450 1241 4544 aequivoca
1276 4472 1323 4521 ex
1348 4472 1386 4522 se
1412 4452 1488 4522 sine
1514 4455 1658 4548 organis
1685 4455 1884 4529 visibilibus
1904 4459 2054 4553 perfici.

486 4597 566 4675 tur,
589 4597 803 4678 tantumque
819 4581 1023 4674 infusoriis,
1049 4584 1262 4658 animalibus
1285 4587 1433 4658 intimae
1458 4593 1753 4684 organisationis,
1778 4603 1948 4688 tauquam
1971 4619 2054 4666 onr-

489 4721 591 4794 aium
615 4719 850 4816 vegetationis
874 4719 1242 4822 animalisationisquc
1265 4746 1498 4822 processuum
1525 4726 1711 4804 elementis
1736 4731 1925 4825 convenit,
1948 4732 2052 4806 ideas
