4390 5710
1135 462 1352 511 ,st-tw

443 472 519 561 118

452 683 578 745 curans
606 659 699 730 illiue
728 649 932 734 abnormis,
964 646 1151 737 longitudo
1178 646 1317 713 insueta
1344 646 1577 739 insolitusque
1602 660 1791 719 concretus
1818 648 1863 718 de
1889 649 2031 718 aliena-

454 812 557 883 tione
582 813 801 889 organorum
826 809 933 854 aexns
967 784 1151 853 muliebria
1183 785 1221 853 in
1254 784 1372 852 virilia
1397 795 1582 853 testantur.
1632 785 1837 855 Substantia
1862 786 2032 855 tubarum

453 955 585 1029 densa,
623 932 788 1002 coriacea
820 922 1043 1012 multumque
1073 920 1250 1005 crassior,
1288 943 1395 1011 quam
1429 920 1518 990 alias
1543 923 1579 989 in
1606 921 1699 994 tubis
1727 946 1904 1013 appatere
1928 922 2032 994 solet.

450 1076 669 1160 Membrana
695 1085 819 1133 earum
846 1061 988 1129 interna
1014 1081 1178 1145 mucosa,
1204 1081 1350 1150 aspera,
1377 1059 1568 1148 multisque
1594 1060 1731 1126 consita
1757 1060 1849 1130 tiliis
1876 1070 1930 1126 sat
1956 1058 2033 1126 lon·

451 1223 507 1320 δὶς
536 1217 574 1286 in
600 1207 724 1280 cristas
761 1201 921 1267 diiersas
950 1195 1126 1279 collectis,
1164 1196 1261 1285 parti
1291 1194 1477 1285 placentae
1511 1197 1673 1263 uterinae
1706 1195 1898 1282 similibus,
1932 1195 2028 1262 unde

419 1347 572 1434 'massa
597 1362 760 1427 cascesa,
799 1345 835 1403 et
864 1332 1011 1401 fluidiun
1039 1331 1223 1399 turbidum
1258 1330 1546 1401 secernebantur.
1596 1331 1770 1400 foemina
1811 1335 1880 1403 etsi
1912 1331 2028 1399 amori

450 1508 607 1568 venereo
634 1475 825 1548 libidinose
850 1470 991 1557 dedita,
1030 1469 1081 1535 uti
1107 1466 1203 1534 sama
1237 1464 1367 1553 terror,
1407 1492 1590 1556 nunquam
1617 1481 1735 1538 tamen
1774 1472 1950 1562 peperitg
1977 1479 2030 1538 ast

449 1650 560 1704 causa
584 1619 655 1711 jam
683 1636 728 1681 ex
756 1605 973 1700 supradictis
998 1604 1094 1672 clare
1126 1615 1237 1696 patet.
1288 1599 1343 1670 An
1378 1616 1560 1675 menstrua
1586 1605 1767 1689 habuerit,
1802 1608 1940 1696 neseio,
1980 1616 2032 1672 art

449 1771 598 1859 longum
622 1767 767 1843 tempus
793 1746 906 1813 ssuere
931 1742 1014 1811 albo
1039 1741 1255 1810 laboravisse
1281 1739 1405 1810 fertur.

541 2035 699 2112 Similem
735 2024 906 2098 tubarum
941 2021 1072 2093 orariis
1100 2032 1351 2090 concretarum
1377 2043 1497 2089 ca=um
1524 2043 1667 2112 quoque
1693 2021 1933 2092 vindobonae
1958 2021 2030 2110 jam

449 2174 640 2260 observavi
665 2170 703 2239 in
729 2159 943 2237 nosodochii
968 2158 1181 2227 universalis
1195 2183 1317 2229 museo
1344 2156 1582 2250 pathologico.
1634 2158 1767 2230 Uterua
1791 2184 1838 2230 ex
1862 2159 2030 2232 omnibus

449 2314 616 2417 partibus
658 2301 841 2400 perlectus
870 2297 1054 2368 excurruit
1092 2297 1131 2365 in
1165 2296 1267 2368 tubas
1301 2294 1551 2385 Fallopianas,
1589 2318 1680 2386 quae
1714 2322 1794 2367 cum
1827 2297 1962 2368 orariis
1993 2297 2028 2364 in

450 2473 581 2528 eorum
606 2439 835 2518 extremitate
867 2432 1045 2524 superiori
1077 2445 1187 2525 eaput
1212 2431 1479 2523 epydidymidis
1504 2432 1773 2502 intumescentia
1799 2404 1954 2525 quadani
1980 2434 2030 2502 si·

449 2589 631 2665 mulantea
662 2572 916 2647 cohaerebant.
967 2568 1044 2637 Etsi
1078 2570 1137 2636 hio
1163 2568 1261 2634 locus
1293 2578 1463 2651 nonest,
1505 2571 1679 2634 tractandi
1707 2571 1751 2635 tle
1778 2572 1871 2637 vitiis
1897 2593 2030 2638 serua-⁶

451 2729 540 2799 lium
566 2715 810 2794 muliebrium,
837 2708 905 2777 nisi
939 2706 1027 2773 baec
1054 2729 1189 2796 organa
1213 2703 1318 2771 simul
1345 2702 1585 2770 deflectuntur
1610 2704 1647 2771 in
1672 2728 1797 2775 sexum
1824 2706 2032 2794 masculum,

450 2873 609 2938 attamen
643 2852 702 2921 bic
734 2847 908 2918 adducam
944 2839 1234 2911 observationem
1268 2862 1383 2905 meam
1409 2838 1502 2906 uteri
1539 2838 1666 2908 leuiter
1690 2839 1848 2909 bicornis
1873 2865 1893 2910 e
1918 2845 2030 2911 cada-

449 3019 537 3074 vere
562 2990 704 3087 puellae
736 2988 778 3056 15
807 3002 980 3051 annorum
1017 2978 1171 3069 sumpti,
1213 2974 1276 3044 ubi
1301 2975 1433 3042 coitum
1457 2974 1598 3044 ratione
1622 2976 1732 3045 totius
1756 2975 1970 3069 perlongum
1995 2988 2030 3049 et

447 3133 525 3210 sere
550 3128 687 3203 nullum
713 3120 809 3193 uteri
833 3115 1012 3187 orificium
1038 3125 1228 3184 externum
1254 3117 1416 3204 apparet.

604 3228 616 3265 ὓ

546 3406 664 3480 Porro
691 3403 750 3470 triu
777 3392 906 3469 actiaci
932 3396 1101 3463 'meretur
1132 3386 1282 3458 historia
1307 3386 1487 3457 foeminae
1513 3384 1788 3481 Bambergensia
1813 3391 1859 3484 67
1887 3394 1969 3466 ariri.
1995 3407 2031 3470 et

446 3570 514 3648 per
541 3551 588 3624 50
616 3541 786 3624 maritae,
811 3532 901 3604 bena
928 3525 1156 3618 formoseque
1181 3523 1374 3614 formatae,
1403 3546 1494 3616 quae
1521 3524 1742 3594 tluorealbo
1770 3530 1914 3619 quidem
1939 3557 2032 3604 sem.

448 3709 515 3784 pur
547 3678 742 3763 laborauit,
779 3689 960 3763 nunquam
988 3672 1107 3732 autem
1133 3673 1315 3740 menstrua
1341 3660 1468 3730 habuit
1492 3682 1746 3753 nunquamque
1768 3667 1929 3759 peperit,
1965 3670 2032 3740 etsi

449 3821 600 3896 niaritua
626 3837 706 3885 cum
734 3807 862 3883 ancilla
888 3804 1010 3898 plures
1034 3800 1190 3868 infantes
1215 3798 1416 3891 progenuit.
1465 3794 1608 3887 Institui
1624 3798 1819 3869 sectionem
1844 3805 2030 3877 cadaveris

451 3956 582 4029 ruarito
610 3954 739 4039 luecio,
768 3946 833 4017 etsi
869 3942 928 4014 hic
955 3948 1058 4008 extra
1086 3935 1211 4006 cubilia
1243 3934 1387 4022 januam
1415 3930 1532 4002 stabat
1556 3933 1619 4005 vix
1641 3909 1854 4026 permittens
1876 3939 2027 4032 inspee.

445 4097 582 4168 tionem
609 4086 791 4158 ocularem
817 4075 1024 4176 genitalium
1052 4083 1301 4161 externorum,
1339 4090 1431 4161 quae
1456 4070 1666 4140 normaliter
1692 4073 1920 4166 perfecteque
1944 4075 2027 4148 for-

449 4241 545 4308 mata
578 4222 826 4307 inveniebam
865 4196 985 4285 atatim
1021 4209 1263 4280 adtentionem
1295 4196 1413 4275 meam
1437 4205 1589 4276 adduxit
1614 4217 1733 4278 tumor
1761 4233 1878 4280 oseem
1903 4209 1942 4281 in
1966 4212 2028 4283 la..

445 4381 524 4441 tero
550 4364 695 4434 sinistro
722 4360 892 4437 situatur,
924 4346 1102 4417 tibialins
1128 4344 1290 4415 orarium
1316 4340 1466 4410 haerere
1491 4341 1599 4431 solem
1624 4358 1848 4439 quapropter
1869 4302 2024 4439 uterum,

444 4508 503 4577 eui
537 4514 657 4570 tumor
691 4487 971 4569 annectebatur,
1020 4484 1092 4552 cito
1129 4479 1259 4549 exemi.
1308 4476 1390 4548 Hac
1429 4481 1639 4571 operatione
1670 4483 1820 4553 nimium
1853 4481 2024 4555 festinans

442 4637 602 4715 lacerari
627 4648 826 4714 tumorem,
851 4648 898 4694 ex
926 4647 995 4716 quo
1023 4642 1119 4690 nunc
1143 4637 1259 4712 musra
1285 4616 1458 4708 quaedam
1484 4617 1617 4712 grisea,
1642 4617 1796 4711 tiscida,
1820 4642 2024 4716 rapongcffi
2079 4664 2083 4669 a
