4334 5716
338 389 344 398 ·
403 367 417 418 Ι

799 493 1030 558 'wo-m·
1097 471 1098 474 ¹
1178 455 1182 468 ’
1398 524 1404 530 -
1663 495 1721 595 37

18 695 21 740 ÷
138 685 333 790 inquibus
356 681 566 771 ainnt'efim
593 683 888 770 ⁸e‘xlr'eodtatibus
920 697 1070 770 externa
1088 687 1250 793 vqueque
1273 690 1443 793 'genitalia'
1473 681 1715 796 apparebant,

139 855 282 926 seniper
307 836 445 906 incenit
469 823 543 904 duo
568 853 723 926 organa,
754 855 860 926 psoas
885 833 1039 904 musculi
1063 837 1246 928 regionem
1272 837 1452 926 tenentis,
1483 837 1610 932 longa,
1641 845 1713 918 ca-†

110 959 203 1058 Ἦ,
246 966 397 1062 quarum
431 947 641 1064 magnitudo
672 969 947 1063 productionem
981 971 1092 1042 modo
1124 965 1308 1066 peractam
1340 971 1586 1066 significabat3
1625 995 1711 1046 nam

18 1177 20 1190 ,
138 1119 260 1176 ourrres
284 1099 407 1200 partes
431 1105 710 1178 informatione
734 1103 852 1177 adbuc
876 1107 1226 1180 versantes-radone
1250 1123 1330 1177 cum
1356 1119 1435 1180 tcto
1460 1121 1614 1202 corpore
1639 1107 1713 1189 lta-1

136 1236 213 1310 bita
233 1243 345 1335 longe
369 1242 523 1334 rnajores
547 1248 643 1329 suttt',
668 1243 777 1334 q'uam
802 1241 841 1334 in
864 1241 1084 1316 formatione
1104 1245 1238 1315 diutius
1260 1243 1333 1336 jam
1357 1255 1540 1338 protensa.
1588 1238 1740 1318 Altam

18 1345 21 1470 ἰ
136 1377 234 1446 enim
253 1376 487 1450 extremitate
512 1377 780 1472 diaphragmati
802 1375 892 1450 haec
917 1401 1073 1472 corpora
1095 1349 1319 1467 incumbunt
1344 1367 1458 1452 altera
1470 1381 1511 1450 in
1536 1381 1715 1454 urachum
1761 1471 1766 1481 ι

18 1487 22 1498 ’
135 1533 253 1605 prope
277 1489 480 1585 abdominis
503 1515 643 1608 apicem
669 1479 897 1606 desineban15
922 1525 958 1584 et
982 1517 1043 1585 sic·
1059 1523 1173 1586 totam
1199 1515 1462 1608 longitudinem
1488 1516 1569 1586 cari
1593 1517 1713 1590 abdo·

137 1647 279 1720 minalis
303 1649 340 1720 i'u
366 1661 471 1744 parte
495 1649 689 1744 posteriori
720 1613 825 1752 pedae
856 1651 1019 1722 musculo
1045 1653 1178 1722 adnata
1202 1659 1397 1746 occupant,
1434 1639 1625 1746 primoque
1650 1651 1715 1723 in-
1806 1647 1815 1696 ·'

18 1769 20 1778 ¹
135 1787 231 1854 tuito
257 1785 427 1858 intestino
453 1811 572 1858 crasso
597 1807 672 1856 non
697 1781 875 1860 absimilia
898 1797 991 1858 sunt.
1042 1785 1185 1880 Renes,
1210 1787 1493 1882 glandulaequae
1518 1805 1719 1882 superena-

18 2015 19 2022 ἵ
135 1907 208 2009 le's,
245 1924 399 1994 testiculi
425 1933 489 1995 aut
513 1921 655 2015 avaria,
691 1922 873 1997 vesiculae
908 1923 1099 1995 seminales
1130 1935 1193 1995 aut
1216 1903 1339 1996 uterus
1364 1923 1527 1996 nondum
1542 1925 1718 2030 'appareq

18 2031 21 2058 ὲ
136 2053 235 2127 bont.
284 2058 463 2132 Metellus
493 2073 611 2132 autem
637 2069 725 2132 natu
756 2057 870 2148 major
894 2069 1020 2151 putat,
1060 2081 1239 2151 emagna
1263 2060 1324 2130 illa
1350 2079 1467 2130 massa
1491 2079 1615 2149 renes,
1657 2060 1724 2129 re·¹
1781 2149 1794 2182 ι

136 2213 271 2286 necque
296 2183 577 2268 succenturiatos
600 2193 657 2264 uti
683 2192 853 2286 genitalia
877 2213 1022 2288 quoqne
1054 2193 1184 2272 evolvi.
1233 2191 1396 2265 Olenius
1419 2190 1496 2282 jam
1516 2213 1651 2286 organa
1674 2181 1724 2266 ea¹
1827 2211 1834 2222 ·

137 2327 176 2396 in
200 2328 321 2418 porcis
352 2329 572 2422 curribusque
605 2329 798 2402 observata
829 2327 1003 2422 oblonga,
1044 2353 1152 2418 cava,
1190 2327 1437 2402 vermisormia
1483 2337 1604 2398 autern
1646 2349 1717 2422 pro
1819 2351 1823 2363 ’

18 2427 20 2472 ³
138 2461 235 2530 uteri
259 2427 433 2536 cornuum
459 2473 497 2534 et
515 2461 689 2536 ductuum
723 2461 962 2556 deserentium
994 2464 1209 2559 rudimentis
1235 2462 1402 2568 lralrenda
1433 2464 1612 2555 declarat3
1647 2484 1716 2536 re-

18 2567 22 2608 ἶ
138 2617 275 2690 tresque
300 2623 382 2672 cum
407 2621 533 2670 eorum
566 2596 742 2696 glandulis
775 2597 815 2668 in
844 2612 951 2694 parte
981 2599 1176 2696 posteriori
1206 2600 1395 2694 utriusque
1426 2601 1554 2694 organi
1582 2597 1721 2671 vermii
1850 2661 1853 2669 .

18 2737 20 2744 ’
138 2733 264 2808 formis
296 2735 397 2808 vidit.
445 2733 617 2808 Wolffius
645 2733 684 2803 in
716 2733 809 2842 pulli
843 2735 1042 2828 embryone
1076 2747 1231 2828 quatuor
1256 2736 1397 2810 dierum
1429 2735 1561 2806 miram
1587 2753 1740 2804 renum·

18 2883 19 2888 ’
139 2869 295 2962 figuram
318 2853 533 2942 observarit.
579 2867 727 2938 Renum
751 2868 948 2940 substantia
972 2869 1092 2968 primo
1123 2880 1239 2940 totum
1271 2869 1475 2942 abdominis
1500 2892 1629 2945 cavum
1654 2891 1718 2940 cc·

142 3013 270 3110 cupat,
296 3026 340 3073 ea
362 3003 537 3096 paulatim
562 3001 601 3070 in
639 3003 757 3076 uredia
789 3025 855 3072 rua
884 3015 1008 3098 parte,
1045 3003 1319 3097 spinam-dorsi
1349 3013 1536 3098 tangente,
1571 3005 1719 3077 tenuior

142 3140 238 3212 lacta
266 3137 413 3210 tandem
444 3136 505 3206 hie
534 3155 685 3226 prorsus
716 3137 917 3226 evanescit,
955 3138 1052 3211 uode
1090 3139 1184 3212 duae
1216 3138 1391 3210 resultant
1424 3161 1562 3212 massae
1592 3139 1720 3232 spinae

141 3277 255 3350 latera
278 3281 461 3361 tenentes,
504 3293 597 3364 quae
614 3270 752 3344 sensim
778 3281 987 3342 contractae
1015 3293 1145 3342 renum
1174 3272 1331 3346 sormam
1363 3275 1564 3369 accipiunt3
1598 3273 1721 3370 primo

144 3421 373 3512 apparentes.
400 3417 483 3480 sunt
515 3408 682 3502 proxime
715 3407 762 3478 ad
799 3408 939 3518 spinam
970 3406 1149 3480 dorsalem
1181 3411 1365 3504 utrimque
1401 3410 1528 3504 locati3
1570 3409 1718 3504 ejusque

18 3551 19 3554 ’
144 3550 379 3624 directionem
410 3553 629 3639 acquantum
667 3553 751 3612 sunt
786 3543 864 3614 lere
899 3543 1054 3614 lineares
1090 3543 1267 3638 valdeque
1306 3545 1425 3642 longi,
1470 3545 1650 3640 incipiunt
1679 3545 1720 3616 in

142 3689 291 3784 regione
315 3680 500 3754 thoracica
519 3667 632 3750 retro¹
645 3679 835 3774 prdruones
861 3688 896 3748 et
921 3652 1160 3784 descendunt,
1198 3685 1313 3776 usque
1338 3679 1384 3756 ad
1412 3677 1577 3756 infimam
1599 3682 1719 3755 intes·

18 3917 19 3920 Ἴ
142 3825 212 3896 tini
242 3819 335 3894 recti
367 3816 660 3903 extremitatetof
691 3817 750 3886 cui
784 3816 966 3910 utrimque
1002 3815 1219 3888 inseruntur.
1268 3815 1404 3890 Omnia
1435 3827 1557 3890 autem
1589 3817 1729 3894 desunt·
1754 3797 1798 3888 ⁹,

142 3915 294 4052 vestigia
320 3951 436 4028 orarii
460 3961 498 4020 et
534 3951 780 4026 testiculorum
810 3973 930 4046 neque
947 3935 1150 4026 ‘oviduotus
1183 3964 1247 4026 aot
1271 3955 1445 4026 ductuum
1478 3951 1719 4028 deferentium

144 4095 218 4169 ulla
241 4091 372 4164 adsunt
394 4086 603 4160 rudimenta
635 4085 699 4156 sad
722 4097 868 4182 praeter
898 4087 1069 4188 intestina
1093 4098 1131 4158 et
1161 4108 1317 4184 corpora
1347 4087 1439 4162 ltaoc
1471 4113 1540 4184 pro
1572 4091 1720 4162 reniliua

146 4231 192 4303 ab
218 4227 416 4302 cohabita
444 4223 536 4296 nihil
566 4241 715 4317 prorsus
746 4223 848 4296 adest
877 4225 917 4296 in
947 4222 1142 4296 abdomine
1173 4224 1348 4298 inferiori.
1391 4225 1600 4320 Descriptio
1630 4225 1723 4296 haec

146 4363 295 4440 omnino
328 4383 410 4442 com
445 4359 677 4436 ovidaetuum
714 4358 933 4434 formatione
971 4386 995 4433 a
1023 4357 1200 4436 lateribus
1237 4364 1358 4438 cordis
1392 4373 1492 4434 retro
1530 4359 1722 4456 pulmones

145 4499 395 4598 incipientium
422 4499 515 4608 bena
547 4497 735 4592 cocenim
764 4507 1032 4594 nequeuntem
1063 4471 1225 4574 ureteras
1256 4499 1493 4594 distinguere,
1530 4483 1653 4586 nequ'a?
1682 4493 1723 4567 in

145 4649 250 4738 perta
274 4615 456 4738 superiori
478 4658 647 4717 rasorum
663 4634 1017 4736 ccoghmsratorum
1042 4633 1132 4731 quid
1156 4635 1274 4714 simile
1298 4635 1468 4732 detegere
1489 4631 1630 4730 pontin
1654 4631 1721 4710 sed
