4390 5710
890 458 1109 532 *θ’
1298 507 1301 517 ·
1417 483 1425 495 ‘
1616 439 1784 559 “ut

204 679 322 752 burto.
371 671 460 765 Ast,
482 671 547 746 ubi
572 669 775 760 institutum
795 689 919 742 mense
938 667 1059 764 Aprili
1083 688 1166 738 eun.
1195 669 1478 763 rbsss'intrerit,
1502 675 1637 768 pedum
1657 687 1780 758 temen

203 812 418 908 erysipelate
441 808 815 904 pustuloso.laborens
836 808 875 878 in
907 805 1397 902 gravidarumasgrotarnm
1427 807 1545 882 cubile
1566 811 1636 886 luit
1654 820 1778 916 misse,

199 971 358 1042 moxque
376 947 430 1017 ibi
444 944 684 1018 reconvaluir.
735 944 849 1016 Paulo
874 953 956 1036 post
976 952 1140 1038 peperat.
1189 941 1281 1014 Cum
1299 941 1475 1016 infantem
1493 946 1691 1026 deformem
1711 960 1778 1050 inq

198 1085 407 1172 veniebam,
433 1103 585 1152 examen
598 1081 777 1153 acuratius
799 1080 836 1148 in
853 1080 1025 1174 gravidae
1047 1078 1158 1152 ritem
1169 1078 1318 1150 institui.
1368 1081 1477 1150 Peter
1495 1083 1641 1160 insontis
1656 1098 1776 1173 socius

195 1222 440 1298 mercenarius
463 1215 694 1312 caementarii
726 1212 933 1306 cujusdam,
976 1180 1118 1304 senus,
1142 1213 1298 1303 firmus,
1336 1239 1452 1308 neque
1479 1241 1523 1288 uc
1543 1233 1658 1296 meter
1685 1230 1774 1328 fuit5

195 1357 287 1452 qua‘a
302 1365 423 1426 autern
443 1377 568 1426 versus
591 1355 830 1447 septimanam
850 1343 1037 1446 septimam
1054 1349 1149 1420 febri
1168 1360 1291 1442 scuta,
1317 1354 1371 1424 uti
1383 1354 1496 1446 dixit,
1511 1378 1680 1454 nervosa,
1702 1366 1775 1444 suit
1839 1439 1843 1448 ,

193 1502 383 1594 correpte,
419 1494 650 1586 graviterque
683 1507 792 1580 segra
818 1510 887 1580 per
915 1495 982 1561 se'x
1013 1485 1233 1580 septimanas
1266 1488 1413 1560 detensa
1439 1493 1595 1566 tandem.
1610 1501 1775 1590 perfecte

193 1627 428 1702 reconvaluit.
475 1625 542 1699 Ast
554 1625 592 1698 in
616 1625 770 1696 decursu
785 1623 1077 1716 graviditatis,ter
1096 1643 1239 1718 quoque
1261 1646 1328 1718 per
1348 1649 1512 1700 occasum
1528 1629 1672 1728 colapsa
1692 1662 1771 1720 esoe

192 1761 449 1856 contendebam
476 1787 549 1858 quo
563 1762 716 1851 multum
739 1761 873 1834 doloris
895 1782 1068 1854 perpessa
1088 1769 1200 1852 esset3
1224 1783 1316 1832 unus
1339 1761 1460 1856 lapsus
1479 1764 1548 1834 suit
1563 1781 1769 1856 retrorsum

189 1903 339 1994 aliisque
372 1901 539 1972 adlatus.
590 1897 805 1971 Terminum
842 1907 961 1966 eutem
992 1895 1159 1990 lapsuum
1183 1891 1440 1996 non'smplius
1464 1901 1553 1970 mibi
1577 1904 1769 2004 designare

187 2039 325 2132 potnit,
351 2045 415 2104 aut
434 2036 562 2108 noluit.
612 2033 745 2104 Forsan
761 2033 801 2100 bi
820 2032 941 2123 lapsus
967 2053 1112 2124 quoque
1131 2030 1266 2102 luerint
1290 2033 1452 2126 plenarie
1473 2037 1568 2128 ficti,
1592 2046 1678 2135 quia
1698 2052 1765 2124 sub

186 2171 299 2244 linens
313 2169 490 2238 examinis
511 2166 640 2238 multas
658 2167 957 2258 interrogationes
977 2165 1196 2260 suggestivas
1216 2167 1322 2258 posui
1343 2171 1558 2264 suspiciens,
1583 2197 1630 2252 ne
1643 2187 1767 2276 puell.

187 2305 359 2385 materies
386 2302 567 2376 abortivas
594 2303 778 2390 sumserit,
812 2327 903 2396 quae
925 2299 1105 2372 febrim
1073 2321 1147 2392 eius
1172 2323 1360 2374 nervosam
1382 2308 1654 2407 excitavissent3
1680 2326 1765 2413 quja
1871 2408 1877 2428 x

186 2441 309 2540 puelle
330 2437 451 2510 mibi
438 2459 512 2528 jam
531 2437 634 2530 prius
654 2438 767 2526 dixit,
794 2419 944 2508 mutre'm
967 2459 1088 2527 suam,
1115 2461 1222 2532 quam
1248 2438 1286 2508 in
1312 2463 1502 2514 numerum
1523 2443 1764 2535 foeminarum

182 2589 401 2664 mtutsrum,
427 2575 656 2666 speciemque
671 2571 888 2664 prudentiae
904 2571 1244 2664 praeseferrentium
1259 2571 1395 2664 babeo,
1422 2577 1502 2648 illi
1489 2602 1562 2670 ism
1577 2585 1638 2658 diu
1652 2613 1764 2686 prae-
1785 2629 1791 2634 ·

182 2715 336 2800 dixisse,
362 2711 458 2802 quod
480 2705 599 2778 iniens
619 2731 692 2778 non
712 2709 812 2782 vivus
833 2720 941 2802 partu
966 2719 1159 2778 eventurus
1176 2720 1281 2782 esset.
1330 2709 1762 2840 Akermanuusoquoqm,

180 2861 311 2925 statum
328 2844 492 2916 sanitatis
505 2853 695 2938 parentum
715 2844 912 2938 respiciens
932 2840 1037 2914 dicit:
1061 2843 1208 2932 „Mater
1229 2850 1394 2938 corporis
1412 2845 1539 2922 babitu
1554 2852 1706 2936 flaccido
1723 2881 1761 2942 es
1868 2943 1871 2950 ,

179 2988 283 3074 laxo,
300 2945 408 3054 ''vitee
429 2979 656 3066 sedentariae
676 2979 844 3086 adsueta,
865 2989 911 3054 ,et
938 2979 1128 3050 estbenicis
1142 3001 1285 3074 semper
1308 2981 1444 3054 morbis
1456 2983 1671 3088 infestata5“
1695 3003 1761 3082 alii

176 3133 321 3196 autores
346 3141 490 3213 quoque
510 3112 718 3196 describunt
736 3113 1032 3230 androgynorum
1048 3123 1183 3184 matres
1199 3111 1346 3184 debiles.

410 3330 413 3338 ’
473 3319 830 3436 Hermaphroditi
860 3311 1091 3404 muliebres
1119 3349 1199 3404 eeu
1228 3321 1453 3431 gynandri.

203 3467 207 3478 Ι
271 3513 465 3590 individue
486 3510 592 3602 hujus
627 3507 746 3580 classis
778 3509 911 3578 iterum
942 3507 1154 3582 dividuntur
1179 3509 1222 3595 ,in
1256 3510 1570 3608 hermaphroditos
1591 3467 1773 3618 vereret¹

172 3657 325 3762 spurios.
374 3651 500 3722 Genus
516 3648 722 3740 spuriorum
737 3641 1011 3738 comprehendit
1026 3644 1185 3718 diversos
1202 3639 1355 3722 cercosis
1370 3651 1513 3744 gradus,
1539 3653 1602 3728 ubi
1619 3683 1753 3764 nempe
1835 3741 1840 3748 ,

174 3789 309 3868 clitoris
335 3787 448 3879 megis
478 3793 540 3850 aut
568 3784 686 3854 minue
713 3789 882 3862 errete‘et
904 3777 1126 3874 'prolongata
1160 3792 1332 3876 apparet,
1372 3786 1429 3852 cui
1450 3799 1570 3862 autem
1605 3803 1753 3880 uretbra

171 3889 320 4026 „jusque
338 3945 469 4016 corpus
490 3918 721 4012 spongiosum
747 3915 852 3988 simul
867 3914 1040 3986 deliciunt
1047 3939 1058 4006 3
1085 3928 1122 3986 et
1136 3917 1288 4012 reginae
1304 3917 1483 3992 orificium
1503 3946 1575 3997 non
1591 3929 1676 4008 raro
1699 3960 1752 4018 eet

169 4065 315 4143 insolito
335 4067 569 4130 coarctatum.
621 4053 824 4124 Indiuiduis
837 4050 945 4143 hujus
958 4050 1101 4146 generis
1118 4077 1225 4126 sexus
1238 4053 1424 4155 muliebris
1435 4057 1574 4134 lunctio
1583 4069 1751 4160 plenaria
1822 4117 1827 4124 ·

168 4187 316 4280 omnino
331 4193 516 4284 convenit,
542 4191 617 4262 imo
641 4189 724 4258 illse
745 4209 819 4258 non
832 4160 923 4260 raro
948 4187 1091 4258 insolito
1108 4189 1300 4263 salaciores
1319 4193 1413 4264 inter
1432 4219 1471 4266 se
1492 4198 1641 4294 aliisque
1664 4233 1746 4288 cum

165 4337 334 4420 foeminis
354 4329 583 4416 cohabitant,
608 4325 705 4396 unda
728 4324 862 4396 Greeci
883 4325 962 4396 illus
982 4323 1177 4416 sutatores,
1203 4327 1240 4396 in
1263 4351 1415 4422 quarum
1434 4355 1585 4406 numer<
1609 4337 1747 4424 semo„

167 4453 231 4552 illa
259 4469 380 4564 Sepho
408 4467 495 4558 luit,
536 4463 776 4566 appellarunt.
827 4459 899 4530 Alii
933 4457 1125 4534 Antores
1115 4487 1152 4534 sn
1185 4487 1331 4536 sensum
1363 4467 1748 4562 hermsplrroditorm11

160 4615 371 4711 spuriorum
396 4602 512 4674 adhuc
531 4611 723 4674 numerent
746 4597 931 4717 individue
953 4599 1150 4696 praecipue
1173 4571 1382 4698 muliebris,
1407 4601 1536 4698 quibus
1551 4612 1743 4716 prolepgus
1793 4575 1815 4636 “.

977 4735 1055 4830 oc
