4334 5716
796 451 1162 536 www.⁸
1269 451 1274 462 ’
1536 455 1541 462 ’
1644 471 1703 562 ,31

57 765 64 772 ,
126 688 187 758 ris.
211 683 317 758 seriei
347 681 489 770 bestiis,
528 683 582 786 ita
610 683 649 752 in
679 679 800 775 prima
831 675 1041 771 embryonis
1069 673 1287 746 formatione
1320 691 1464 769 quoque
1495 673 1705 750 intestinum
1756 678 1758 691 '

128 813 352 915 primitivum
383 822 485 912 prius
526 818 653 892 adesse
684 839 790 910 quam
824 815 979 910 genitale
1010 814 1248 908 primitivum.
1298 813 1341 884 ln
1374 813 1580 884 animalium
1612 813 1708 884 serie

129 957 344 1028 ascendente
375 955 496 1047 primo
527 954 581 1025 ris
619 953 875 1056 reproductira
906 951 1084 1022 individui
1116 947 1157 1074 'et'
1193 949 1336 1046 generis
1368 950 1432 1022 vix
1462 949 1705 1042 distinguitur:

127 1093 291 1184 Vestigla
316 1088 880 1182 distinctarumreproductionis
911 1096 947 1156 et
972 1087 1213 1192 generationis
1244 1087 1374 1160 virium
1401 1087 1547 1180 quidem
1571 1085 1643 1178 jam
1667 1089 1706 1157 in

129 1229 277 1323 polypis
303 1239 339 1296 et
364 1225 503 1316 actiniis
526 1225 782 1317 inueniuntur3
812 1225 1033 1294 substratum
1057 1245 1145 1295 vero
1171 1223 1394 1316 utrique'ibi
1419 1245 1609 1294 commune
1624 1201 1709 1312 ¹est3

103 1433 106 1442 ,
133 1388 226 1433 unus
247 1345 388 1433 tantum
413 1361 520 1432 tubus
542 1358 735 1432 nutritioni
761 1381 876 1455 aeque
902 1383 943 1430 ac
970 1359 1191 1454 generationi
1218 1369 1360 1452 praeeat
1368 1383 1379 1449 3
1416 1383 1509 1429 unus
1527 1327 1707 1453 [idemque

135 1497 287 1586 canalii,
315 1498 376 1589 qui
403 1505 576 1568 autumno
601 1463 670 1569 ora
693 1497 863 1592 producit
886 1507 923 1607 et
947 1497 1040 1590 edit,
1066 1495 1216 1564 caeteris
1243 1495 1327 1564 anni
1351 1495 1575 1620 temporibup
1597 1495 1711 1566 victui
1754 1463 1776 1580 ,Ι

137 1633 345 1726 recipiendo
376 1641 414 1700 et
447 1632 644 1722 digerendo
675 1633 845 1730 inservit;
881 1633 945 1702 sed
983 1628 1054 1726 jani
1089 1631 1125 1700 in
1158 1619 1346 1704 altioribus
1376 1629 1609 1717 animalibus,
1645 1625 1712 1698 ubi

138 1791 273 1860 organa
312 1767 604 1862 reproductionis
634 1763 811 1840 individui
843 1777 881 1840 ct
910 1739 1052 1860 generis
1090 1767 1238 1836 omnino
1271 1775 1353 1834 sunt
1386 1766 1430 1834 ab
1462 1766 1619 1838 invicem
1649 1750 1711 1834 se'-

137 1903 279 1994 juncta,
313 1904 429 1974 adhuc
455 1904 622 1974 maxima
654 1901 822 1996 analogia
852 1905 951 1975 adest
982 1903 1077 1974 inter
1115 1912 1310 1995 systemata
1341 1901 1549 1994 genitalium
1583 1911 1620 1970 et
1651 1902 1713 1970 in·

138 2043 349 2110 testinorum
375 2051 453 2108 turn
480 2040 600 2131 quoad
626 2037 778 2109 sormam
804 2051 842 2126 et
864 2051 1092 2126 structuram,
1117 2049 1193 2108 tunt
1221 2041 1340 2128 quoad
1359 2037 1574 2110 functiones.
1623 2035 1717 2106 Om-

140 2178 241 2244 nium
268 2183 388 2242 antem
414 2193 632 2262 organorum
664 2172 782 2243 torma
806 2175 963 2266 simplex
994 2185 1030 2242 et
1060 2171 1245 2264 primitiva
1278 2171 1465 2242 obvelatur
1497 2173 1537 2240 in
1567 2171 1716 2242 homine

141 2281 249 2378 turba
273 2289 430 2400 partium
458 2307 687 2378 auxiliarium
697 2303 711 2396 ,'
735 2331 827 2402 quae
850 2311 947 2382 tilae
972 2307 1118 2404 altiori,
1136 2305 1197 2389 nbi
1223 2294 1362 2377 sumnia
1388 2266 1589 2379 consumtio
1614 2307 1719 2379 adeat

141 2455 179 2516 et
202 2443 375 2549 citissima
394 2442 622 2534 regeneratio
649 2441 872 2548 exquiritur,
905 2441 1157 2533 sustentandae
1181 2442 1404 2535 inserviunt,
1441 2461 1525 2514 cum
1556 2444 1596 2515 in
1620 2443 1722 2514 inse-s

46 2600 52 2618 “
142 2578 301 2686 rioribus
333 2552 547 2686 animalibus
575 2579 651 2653 vita
678 2577 879 2672 simplicior
917 2578 1062 2672 organis
1091 2601 1234 2670 qrmque
1266 2577 1546 2672 simplicioribus
1577 2587 1721 2651 tantum

143 2727 256 2812 egeat.
306 2699 485 2786 Paulatim
511 2691 642 2806 igitur,
677 2714 706 2784 si
731 2712 941 2784 animalium
972 2713 1101 2784 seriem
1128 2715 1393 2790 decrescentem
1419 2713 1611 2802 observas,
1651 2735 1720 2784 or-

144 2877 239 2948 gana
260 2851 323 2922 illa
348 2851 540 2922 auxiliaria
569 2851 760 2944 recedere,
798 2850 955 2942 indeque
984 2849 1140 2920 {ormam
1171 2849 1284 2942 magis
1307 2849 1492 2942 magisque
1515 2847 1720 2942 simplicia-

145 3011 224 3058 rem
257 2988 411 3056 eradere
442 2985 598 3074 ridebis3
643 2987 787 3056 tandem
819 2986 887 3054 ista
921 3006 1059 3076 organa
1089 3007 1162 3074 nou
1193 2984 1263 3054 nisi
1296 2983 1438 3053 canales
1467 2983 1584 3054 nudos
1614 2982 1724 3055 nullia

147 3119 324 3220 glandulis
349 3127 411 3186 aut
438 3119 516 3188 aliia
541 3118 765 3214 processibus
796 3121 991 3190 instructos
1022 3124 1315 3208 repraesentant,
1353 3117 1484 3194 deinde
1514 3117 1553 3186 bi
1584 3115 1654 3209 ipsi
1684 3115 1725 3186 iu
1808 3159 1819 3172 -

147 3231 259 3331 unum
282 3253 494 3324 coincidunt
519 3275 647 3326 carram
671 3275 784 3344 usque
815 3253 902 3326 dum
927 3252 1044 3320 omnis
1078 3251 1282 3318 dillerentia
1310 3261 1517 3339 evanescat,
1562 3259 1599 3320 et
1628 3217 1729 3324 unua

147 3397 295 3467 tandem
319 3389 645 3484 tubusutriusquc
662 3389 906 3460 lunctiouibua
937 3388 1119 3458 inserviat
1168 3370 1235 3508 ⁴{tet
1264 3407 1339 3454 non
1364 3384 1480 3456 solum
1497 3376 1542 3454 ‘in
1566 3385 1723 3456 inferio·

149 3533 250 3604 ribus
275 3525 486 3626 animalibus
510 3523 612 3618 sedet
635 3527 674 3594 in
706 3525 851 3612 avibus,
888 3523 999 3594 immo
1034 3543 1121 3592 vero
1158 3520 1195 3592 in
1226 3521 1444 3612 quibusdam
1473 3519 1727 3600 mammalibus

150 3633 250 3764 ipsis,
274 3655 409 3756 organa
432 3661 657 3756 cludo-uro·
678 3669 716 3731 et
740 3668 941 3755 spermatu-
961 3657 1106 3752 po'e'tica
1131 3659 1297 3728 nondum·
1319 3666 1401 3725 sunt
1425 3656 1588 3748 plenarie
1613 3681 1725 3751 sepa·-

151 3816 244 3876 rata.
293 3798 336 3868 ln
368 3798 578 3890 tardigrada
612 3809 648 3870 et
683 3809 824 3870 castore
854 3795 948 3866 rias·
967 3793 1149 3865 urinarias
1189 3803 1226 3862 et
1257 3814 1344 3884 pars
1374 3791 1536 3870 intestini
1571 3793 1722 3865 interior

151 3938 293 4013 initium
316 3944 355 4004 et
379 3943 500 4004 ortum
525 3957 716 4029 commune
740 3903 878 4004 ducunt
902 3953 951 4001 ex
973 3953 1077 4002 sacco
1110 3935 1208 4024 pbne
1236 3951 1344 3996 anum
1369 3928 1459 4014 sito,
1491 3947 1597 4022 quem
1622 3930 1727 4002 clos-¹
1757 3947 1760 3952 '

90 4081 95 4096 '
142 4067 229 4150 'carn
267 4080 410 4146 vocant.
457 4067 574 4140 Immo
607 4071 852 4142 desomnitates
889 4069 1254 4156 monstrositateaque-
1288 4064 1395 4134 etiam
1428 4066 1525 4136 iuter
1562 4066 1728 4136 hommes

152 4235 228 4286 non
250 4209 404 4281 nimium
427 4225 512 4276 raro
537 4205 787 4298 inveniuntur,
829 4205 959 4300 quibus
985 4205 1065 4290 ani,
1101 4203 1253 4294 vaginae
1286 4212 1323 4271 et
1355 4199 1486 4272 orificii
1516 4203 1657 4274 vesicae
1682 4199 1728 4270 sit

153 4342 453 4432 communicatio,
494 4365 588 4436 quae
619 4341 741 4416 adbuc
769 4343 817 4418 de
846 4341 1057 4436 genitalium
1095 4347 1190 4410 statu
1228 4337 1416 4432 primitivo
1452 4349 1622 4434 testatur,
1664 4334 1730 4408 nbi
1765 4312 1777 4336 ⁸

154 4487 315 4580 primum
350 4479 560 4574 genitalium
599 4490 835 4556 alanorum
872 4478 1065 4574 reatinum
1100 4474 1208 4562 lovea
1249 4475 1423 4566 quaedam
1455 4471 1730 4552 enaeaesornds

153 4628 420 4714 repraesentat,
442 4617 481 4690 in
506 4643 615 4712 quana
639 4603 979 4705 censorinus-ta,
997 4612 1207 4709 genitalium
1238 4611 1464 4683 internorum
1497 4610 1640 4682 canales
1661 4619 1728 4680 tu-

880 4717 882 4726 l
1066 4719 1074 4750 Ι
