4334 5716
452 471 492 537 'iq
1123 472 1337 520 sesto·

447 671 620 734 nontam
647 662 691 729 ad
717 661 792 727 rias
817 658 995 726 urinarias
1023 678 1129 746 quam
1156 657 1200 723 ad
1227 678 1346 725 semen
1365 655 1434 725 rite
1461 656 1692 726 emittendum
1721 659 1896 749 pertinet3
1923 663 2038 749 quod

446 800 641 894 praecipue
669 821 716 864 cx
749 777 925 863 structura
958 793 1167 884 genitalium
1194 792 1430 878 [muliebrium
1463 808 1498 860 et
1533 795 1905 884 hyperspadiaeorum
1940 820 2041 887 per-

444 934 624 1032 lectorum
652 930 906 1022 perspicimus,
933 931 976 997 in
1003 929 1168 1019 quibus
1194 929 1370 996 canalis
1402 929 1622 998 urethrae
1649 929 1734 1016 jam
1761 931 1805 995 in
1830 933 2041 1021 regione

446 1068 577 1139 bulbi
604 1067 794 1155 desinit3
822 1069 865 1133 in
892 1064 1087 1132 muliere
1115 1076 1262 1132 autem
1298 1067 1445 1135 vesica
1482 1065 1688 1132 urinaria
1720 1087 1862 1156 parvo
1902 1066 2039 1136 collo

446 1208 544 1276 intra
569 1206 684 1276 divisa
714 1203 958 1295 nympharum
983 1223 1138 1292 corpora
1162 1223 1357 1270 cavernosa
1390 1224 1426 1268 se
1461 1202 1584 1291 aperit.
1638 1200 1849 1291 Nymphae,
1875 1203 2041 1293 corpori

450 1365 646 1412 cavernoso
671 1340 839 1406 urethrae
865 1339 1203 1430 correspondentes,
1245 1363 1266 1406 a
1293 1337 1421 1426 vagina
1446 1338 1558 1425 magis
1590 1359 1711 1404 versus
1739 1348 1881 1405 uterum
1901 1349 2042 1410 retra-

448 1475 603 1565 huntur;
631 1477 680 1544 ila
707 1475 850 1564 quidem
869 1485 916 1542 'ut
941 1475 979 1541 in
1004 1477 1084 1544 viro
1111 1474 1234 1540 emisio
1260 1475 1385 1540 urinae
1411 1495 1476 1563 per
1502 1473 1698 1560 urcthram,
1725 1477 1782 1540 cui
1809 1497 1893 1543 usus
1918 1497 2042 1566 prae-

449 1612 578 1702 cipuus
601 1612 746 1680 seminis
773 1609 960 1699 ejaculatio
987 1613 1052 1698 sit,
1086 1632 1153 1700 per
1179 1611 1345 1677 accidens
1378 1619 1516 1675 tantum
1551 1610 1754 1698 contingat,
1789 1633 1870 1676 cum
1897 1610 1947 1676 ob
1976 1613 2041 1678 si-

449 1755 526 1815 tum
553 1748 693 1816 vesicae
717 1746 900 1814 urinariae
927 1746 998 1814 alio
1025 1745 1132 1814 modo
1166 1766 1239 1813 non
1263 1755 1383 1836 posset
1408 1745 1509 1834 fieri,
1544 1747 1631 1836 quin
1656 1744 1792 1814 functio
1816 1746 2042 1840 principalia

450 1880 556 1973 hujus
583 1882 713 1952 canalis
738 1893 864 1954 cesset.

550 2198 631 2271 Mas
671 2212 706 2271 et
745 2198 904 2270 foemina
928 2195 989 2266 'ab
1031 2195 1195 2266 omuibus
1236 2195 1399 2291 partibus
1435 2199 1501 2267 sibi
1535 2199 1689 2268 invicem
1722 2210 1805 2268 sunt
1849 2201 2037 2290 oppositi3

451 2336 648 2426 praecipue
676 2349 794 2404 autem
820 2359 944 2402 eorum
971 2334 1203 2402 formationes
1228 2335 1438 2422 genitalium
1465 2345 1570 2424 atque
1595 2336 1805 2402 sanctiones.
1856 2333 1927 2404 Vir
1955 2333 2037 2401 foe·

453 2470 573 2535 minae
600 2471 661 2536 dat
685 2471 876 2562 accipienti
902 2493 1022 2538 semen
1055 2469 1263 2558 ejaculando
1290 2468 1328 2535 in
1361 2471 1545 2559 tragulam,
1584 2471 1700 2539 virilia
1725 2471 1840 2560 foras,
1868 2471 2038 2539 mulieb-

453 2601 509 2670 ria
542 2603 638 2674 intus
669 2607 832 2674 tendunt.
882 2605 1056 2696 Exceptis
1089 2604 1258 2672 testiculis
1296 2605 1457 2673 omnium
1498 2606 1655 2674 virilium
1695 2609 1749 2676 ris
1782 2608 1934 2698 plastica
1970 2606 2038 2678 vix

452 2760 526 2810 non
550 2740 773 2833 impenditur
798 2743 843 2811 ad
869 2744 974 2813 tubos
1001 2740 1249 2830 ejaculatorios
1276 2740 1523 2830 formandum,
1556 2744 1593 2809 in
1620 2743 1770 2810 muliere
1796 2752 1918 2810 autem
1945 2767 2035 2812 onr-

451 2876 515 2946 nia
540 2901 645 2946 sexus
668 2904 804 2969 organa
830 2881 956 2950 semini
982 2876 1214 2969 accipiendo,
1241 2878 1488 2966 recondendo,
1516 2879 1737 2967 ulteriusque
1764 2878 1923 2946 soreudo
1950 2891 2039 2948 sunt

454 3012 651 3102 destinata,
682 3015 836 3107 ideoque
866 3015 938 3106 jam
965 3040 985 3083 a
1018 3015 1157 3108 primae
1190 3012 1414 3082 formationis
1440 3025 1604 3106 tempore
1637 3013 1806 3105 genitalia
1835 3016 2041 3083 masculina

453 3175 477 3218 a
502 3150 687 3240 foeminiS,
727 3164 765 3220 et
795 3153 872 3224 vice
905 3175 1025 3236 versa,
1067 3150 1155 3218 haec
1189 3149 1233 3215 ab
1266 3149 1335 3215 illis
1370 3151 1542 3215 recedere
1578 3149 1728 3233 debent,
1769 3161 1809 3218 ut
1843 3151 2037 3219 obtineant

454 3285 715 3378 praedestinati
739 3307 844 3350 sexus
876 3282 1198 3372 organisationem,
1232 3279 1301 3345 alio
1333 3281 1440 3346 modo
1465 3283 1629 3374 nuspiam
1655 3309 1791 3353 marem
1830 3285 1923 3354 bene
1949 3287 2039 3355 sor..

457 3429 616 3501 matum,
640 3429 701 3483 aut
726 3417 920 3484 foeminam
946 3414 1144 3507 perlectam
1171 3415 1474 3504 conspiceremus,
1501 3420 1551 3483 nti
1578 3419 1863 3512 hermaphroditi
1891 3423 2039 3513 aphro-

460 3553 527 3622 diti
554 3553 648 3621 clare
674 3562 870 3640 testantur3
908 3551 944 3617 in
973 3549 1102 3638 quibus
1133 3550 1251 3617 totalis
1281 3552 1486 3642 partialisre
1512 3577 1619 3621 sexus
1655 3555 1811 3623 distincti
1841 3556 2038 3629 character

459 3688 696 3761 desideratur.
748 3687 878 3778 Neque
915 3687 1136 3757 maresuari
1166 3710 1280 3781 neque
1307 3688 1486 3756 foeminae
1511 3702 1592 3757 sunt
1619 3691 1816 3783 perlectae,
1851 3693 1936 3784 quia
1963 3718 2039 3763 eo-

458 3845 539 3894 rum
563 3849 669 3893 sexus
694 3825 881 3892 character
907 3846 927 3890 e
953 3832 1048 3890 statu
1071 3823 1283 3891 intermedio
1300 3823 1518 3890 indifferenti
1546 3849 1667 3894 versus
1693 3849 1802 3895 unium
1831 3829 2037 3900 alterumue

456 3959 582 4051 polum
607 3959 812 4026 distinctum
837 3969 937 4026 recta
960 3957 1019 4026 via
1049 3982 1122 4028 non
1155 3981 1401 4051 praegressus,
1446 3963 1507 4029 sed
1533 3962 1682 4031 directio
1718 3963 1793 4050 ejus
1820 3962 1889 4031 luit
1910 3965 2038 4035 inter·

456 4108 566 4187 rupta
594 4117 614 4163 a
641 4116 723 4161 casu
750 4093 904 4181 quodam
940 4103 974 4159 et
1001 4093 1037 4161 in
1071 4094 1177 4162 aliam
1209 4117 1313 4161 sexus
1345 4093 1502 4186 ambigui
1528 4112 1563 4166 et
1594 4099 1721 4167 incerti
1752 4100 1908 4168 sormam
1942 4124 2036 4172 mu-

457 4245 544 4302 tata.
594 4233 709 4299 Immo
736 4251 862 4298 revera
887 4230 925 4297 in
950 4232 1041 4298 serie
1066 4231 1274 4319 genitalium
1313 4229 1470 4300 virilium
1503 4243 1619 4301 tantas
1652 4232 1786 4304 formas
1809 4236 1846 4305 in
1871 4253 2039 4330 progre-

460 4369 574 4437 dienti
609 4367 824 4436 sonnatione
852 4378 1009 4436 retensas
1042 4379 1104 4435 aut
1130 4367 1319 4456 alienatas,
1361 4391 1451 4461 quae
1489 4367 1795 4464 hermaphroditi,
1835 4374 2040 4468 aphroditi,

463 4504 684 4596 androgyni,
712 4502 970 4595 hypospadiaci
990 4513 1056 4571 etc.
1090 4505 1332 4594 nominantrr,
1373 4507 1635 4598 cognoscimus,
1673 4521 1830 4602 quantae
1855 4512 2044 4586 deformi-

463 4651 554 4710 tates
579 4665 598 4712 e
622 4641 740 4735 prima
766 4639 975 4733 ernbryonis
1000 4641 1092 4711 mala
1117 4643 1334 4730 formatione
1366 4654 1467 4714 ortae
1492 4645 1530 4714 in
1555 4668 1639 4718 sexu
1670 4651 1874 4724 secundiori
1901 4654 2039 4728 obser.
