4334 5716
603 427 1033 565 NJ
1352 479 1868 607 '·tr.'

133 689 289 769 aarum
320 686 501 758 urinariae
531 683 662 756 collum
687 675 918 759 obvenientis
947 685 985 750 et
1019 673 1233 766 menrbrana
1263 687 1448 750 ureternm
1484 676 1618 756 fibram
1647 681 1722 760 'ex-2

145 823 340 924 pandenda
371 819 537 914 formati,
561 815 811 908 [constituitur.
858 812 934 886 Hic
964 813 1066 886 locus
1103 812 1233 890 finem.
1246 821 1436 887 externam
1466 815 1605 888 vesicae
1636 817 1722 888 uri·
1827 863 1832 874 ·

143 961 269 1036 umiae
300 969 337 1031 et
367 957 502 1030 canalis
532 951 722 1025 urethralis
755 949 903 1024 initium
934 951 1122 1046 designat,
1162 949 1224 1061 qni
1256 945 1423 1024 foeminis
1448 951 1538 1022 'lere
1572 952 1720 1026 omnino

72 1167 76 1176 .
144 1100 262 1187 deest,
281 1096 351 1167 nlsi
376 1115 445 1188 pro
470 1089 545 1182 ejus
568 1087 786 1160 formatione
816 1087 971 1182 analoga
1002 1085 1246 1182 nympharum
1276 1085 1406 1161 rimaru
1432 1086 1596 1182 accipere
1618 1067 1722 1182 'caua

143 1235 239 1305 inter
271 1253 360 1324 quas
391 1225 513 1300 tamon
537 1227 682 1322 urinae
715 1223 965 1295 excerpendae
994 1219 1100 1295 virili·
1130 1221 1299 1316 opposito
1329 1223 1438 1294 modo
1470 1233 1556 1296 ante
1584 1224 1719 1298 ostium
1855 1265 1860 1273 ·

141 1368 296 1464 regim
320 1375 375 1436 snt
399 1361 491 1432 bene
516 1360 682 1430 deorsum
708 1359 907 1450 ducuntur3
932 1359 970 1432 in
999 1357 1077 1430 rir'o
1095 1369 1215 1439 autem
1239 1359 1370 1430 lotium
1394 1381 1503 1454 super
1526 1359 1719 1456 glandulae
1850 1415 1852 1421 .
1987 1398 1995 1408 ·

139 1491 686 1600 prostataelacierniuperiorem
696 1491 941 1589 (anteriorem)
950 1495 1137 1582 emittitur,
1146 1503 1182 1564 et
1197 1493 1241 1564 ab
1255 1469 1587 1592 urethraecorpore
1600 1517 1718 1590 spon·
1787 1579 1791 1588 ,
1850 1577 1852 1584 ,

140 1641 254 1734 gioao,
269 1633 439 1728 nymphis
464 1631 637 1724 analoga,
661 1651 802 1700 sursum
826 1630 1023 1724 profertur.
1071 1629 1247 1721 ltaquein
1263 1629 1490 1724 physiologia
1509 1623 1716 1706 deurethra

138 1771 307 1846 muliebri
331 1771 370 1844 in
388 1789 496 1839 sensu
518 1773 666 1862 recepto
692 1785 809 1836 sermo
840 1787 913 1838 non
938 1767 1003 1857 sit,
1031 1767 1132 1860 quod
1158 1765 1336 1838 orificium
1367 1763 1537 1836 uretluae
1561 1769 1601 1838 in
1625 1791 1713 1842 mu-

136 1909 227 1982 liere
251 1908 401 1998 dictum,
424 1901 476 1976 nil
498 1911 553 1976 est
576 1902 644 1974 nisi
669 1900 752 1970 colli
775 1899 914 1974 uesicae
946 1912 1118 1996 apertura
1150 1911 1184 1972 at
1210 1923 1342 1994 corpus
1366 1903 1596 1996 spongiosum
1618 1927 1717 1998 pone

15 2059 20 2086 ⁸
136 2045 268 2118 collum
295 2041 371 2134 ajaa
395 2063 415 2112 e
439 2039 570 2132 vagina
592 2037 822 2130 propendens
847 2047 884 2106 et
911 2061 933 2106 a
965 2036 1178 2128 quibusdam
1201 2059 1271 2128 pro
1303 2033 1413 2106 bulbo
1437 2039 1609 2112 urethrae
1634 2063 1717 2112 ruu-

136 2179 263 2251 lielaria
292 2175 435 2262 habita,
472 2172 527 2240 nil
556 2171 627 2245 nisi
663 2191 750 2264 pars
786 2169 997 2264 principalia
1034 2171 1288 2263 glandularuut
1330 2173 1477 2268 corpori
1515 2175 1717 2272 prosatico

49 2327 57 2340 ·
135 2313 369 2408 analogarum
394 2309 433 2382 in
459 2308 588 2402 vagina
612 2303 1135 2400 dirersomododispersarnm.

232 2503 435 2598 Praecipua
467 2501 590 2575 variae
621 2469 862 2574 vesicularnm
892 2501 1118 2572 seminalium
1151 2511 1188 2571 et
1220 2503 1321 2574 uteri·
1352 2503 1512 2595 formae,
1550 2506 1645 2600 ¹(parare
1668 2509 1712 2582 in

131 2637 387 2718 mammalibua
414 2637 566 2708 diversio
604 2647 818 2726 occurrunt,
859 2635 1062 2728 analogiam
1093 2638 1285 2732 utrirrstpae
1314 2643 1441 2734 organi
1475 2642 1572 2714 clare
1602 2669 1709 2718 com.

130 2777 302 2876 probant.
351 2773 541 2846 Vericulae
577 2773 765 2844 seminales
800 2769 877 2842 lere
908 2769 950 2841 ira
980 2771 1149 2842 omnibns
1183 2775 1432 2846 manualibus
1461 2777 1707 2874 inveniuntur,

131 2918 168 2986 in
195 2913 323 3008 quibus
347 2917 469 2980 autern
502 2905 690 2976 distinctae
720 2903 897 2979 resinulas
930 2893 1198 2995 teuderamus,
1233 2907 1287 2977 uti
1320 2908 1533 3000 quibusdam
1566 2915 1708 3008 planti.

130 3049 272 3146 gradis,
303 3046 354 3123 in,
376 3039 543 3114 omnibus
575 3037 818 3132 digitigradis,
853 3049 890 3110 et
927 3039 1178 3134 didelphibus‚
1195 3032 1326 3134 'porro
1349 3043 1398 3136 ¹in
1427 3049 1707 3145 ruminantibus,

85 3211 91 3223 ·
129 3185 251 3286 phoca
281 3177 453 3268 vitulina,
492 3175 646 3292 echidna
683 3183 720 3245 et
753 3171 1058 3268 ornithoryncho,
1096 3175 1223 3246 saltem
1261 3175 1435 3250 ductuum
1467 3179 1708 3266 del’erentinna

127 3315 421 3394 intumescentiae
445 3310 515 3382 illia
539 3305 713 3382 reseculis
739 3305 914 3402 analogae
944 3303 1199 3396 observantur3
1237 3310 1278 3380 in
1300 3305 1371 3382 itlii
1396 3313 1611 3408 mimalibua
1632 3347 1706 3400 ιιι..
1733 3409 1737 3418 .

128 3473 223 3548 ram,
249 3449 378 3548 quibus
401 3443 579 3524 resimlae
603 3443 793 3516 seminales
824 3443 971 3534 adsunt,
1001 3466 1144 3540 semper
1172 3445 1300 3516 ductus
1324 3443 1567 3546 ejaculatorii,
1608 3463 1705 3536 uteri

126 3593 223 3668 collo
247 3583 586 3684 correspondentes,
611 3581 760 3652 ductum
785 3577 1011 3650 deferentem
1036 3589 1085 3650 et·
1104 3573 1465 3674 vesiculaa'ajusrlem
1491 3585 1613 3662 lateris
1636 3619 1701 3668 os-

124 3732 215 3804 tium
254 3723 451 3818 excipiunt.
497 3718 541 3792 ln
582 3741 676 3812 equo
717 3717 845 3788 duetus
887 3712 1138 3806 ejaculatorins
1169 3739 1233 3788 seu
1271 3717 1489 3792 canaliculus
1519 3725 1707 3814 seminalia

128 3867 232 3960 valla
264 3861 492 3946 decurtatum
536 3853 575 3924 in
609 3854 712 3926 ceria
744 3851 906 3948 porcello
930 3861 967 3922 et
995 3849 1035 3922 in
1058 3873 1161 3922 mure
1191 3861 1287 3923 ratto
1322 3851 1366 3923 L.
1381 3865 1546 3950 uterque
1571 3861 1703 3949 ductus

124 3999 291 4098 deierans
313 3993 353 4066 in
377 3992 543 4078 dacium,
567 3989 714 4084 utrique
736 3987 915 4062 vesiculae
938 3981 1100 4060 seminali
1124 4007 1372 4079 communem,
1403 4001 1547 4090 patent3
1583 4003 1698 4096 pria-10

123 4141 163 4210 in
185 4135 311 4234 lepore
335 4135 372 4198 et
394 4123 560 4198 curriculo
575 4124 694 4196 vesica
717 4123 899 4196 seminalia
920 4121 1054 4198 format
1084 4123 1212 4202 clatum
1237 4125 1450 4220 simplicem,
1475 4153 1582 4224 quem
1606 4137 1696 4210 duc-

121 4285 179 4347 lus
203 4267 406 4342 deferente·
429 4262 539 4334 damu
564 4257 745 4331 communi
757 4261 862 4332 ualde
885 4260 1006 4354 unplo
1032 4257 1177 4328 adeunt.
1226 4257 1432 4334 Memoratu
1455 4267 1603 4360 dignum
1628 4287 1694 4367 eat,

125 4406 221 4504 quoti
246 4403 285 4474 in
309 4401 367 4472 lais
390 4395 622 4486 animalibus,
655 4391 720 4482 ubi
743 4395 872 4468 ductus
896 4393 1099 4493 deserentes
1123 4405 1159 4464 et
1188 4394 1367 4468 vesiculae
1390 4401 1578 4502 seminales
1601 4411 1694 4480 ntri.

121 4563 232 4638 usque
265 4535 388 4610 lateris
418 4533 513 4604 inter
547 4553 586 4604 ee
619 4529 887 4604 communicent
920 4542 982 4604 aut
1014 4531 1280 4604 communicare
1312 4531 1522 4632 intendunt,
1556 4561 1693 4636 cornua

120 4678 215 4752 uteri
238 4672 284 4750 ab
309 4670 465 4746 invicem
486 4667 647 4766 lugiun,
672 4679 710 4742 et
733 4666 928 4768 seperatim
952 4669 1109 4744 existere
1132 4677 1318 4764 conantur.
1382 4752 1389 4772 ι
1598 4647 1601 4654 ’

814 4867 821 4876 .
912 4783 991 4880 (8)
