4390 5710
769 297 779 331 Ι

1639 395 1903 495 Ϊθ5“

203 601 265 684 dia
290 587 501 692 terminata,
526 601 595 672 hac
618 599 835 704 formatione
859 595 1172 692 hypospadiaeum
1195 597 1343 671 secundi
1368 597 1499 690 padua
1522 589 1785 692 reprabsaotat.

203 737 325 808 Partis
350 739 518 808 methrae
541 738 751 830 posterioris
776 735 955 848 ampulla,
988 733 1061 822 jam
1086 757 1195 828 snpra
1227 732 1448 824 memorata,
1489 735 1526 806 in
1553 752 1661 826 quam
1686 716 1782 802 uteri

124 923 131 930 -
203 873 391 943 muliebris
414 875 869 975 orificium'protenditur,
906 881 960 942 est
984 859 1136 962 'vaginae
1161 871 1348 944 muliebria
1374 871 1586 964 vestigium,
1625 869 1786 942 asuva-

201 1011 288 1101 giua
312 1010 371 1078 bic
397 1011 492 1080 haud
517 1009 671 1084 multum
696 1007 814 1078 adhuc
845 1008 968 1078 differt
992 1031 1015 1078 a
1045 1006 1176 1100 glande
1200 1019 1382 1100 praetuta,
1423 1007 1496 1096 ita,
1529 1017 1571 1076 ut
1594 1015 1672 1076 tota
1697 1027 1786 1074 ure-

202 1145 308 1215 tbrae
331 1167 417 1240 pars
440 1145 501 1215 illu
526 1167 596 1237 qua
619 1145 863 1218 rudimentum
887 1145 1032 1216 cloacae
1058 1143 1304 1238 primordialia
1330 1129 1557 1224 considerari
1577 1133 1739 1238 possit).

304 1439 347 1510 In
372 1425 567 1534 posteriori
593 1427 771 1528 ampullae
802 1439 976 1532 vaginulis
1001 1449 1109 1532 parte
1139 1439 1281 1512 ostium.
1303 1437 1446 1512 vesicae
1473 1437 1659 1508 urinariaa
1691 1443 1787 1506 uort-

206 1577 373 1668 spicitur‚
400 1577 498 1669 quod
522 1597 631 1668 supra
658 1575 836 1644 orilicium
868 1579 963 1645 uteri
995 1577 1152 1647 rotundo
1187 1574 1376 1662 etsensim
1404 1575 1598 1645 latescente
1623 1583 1656 1644 et
1685 1569 1787 1665 quasi
1883 1569 1888 1576 ’

207 1711 352 1803 oblique
389 1723 554 1782 truncato
588 1713 717 1780 desiuit
746 1712 847 1780 biatu
879 1711 969 1778 adeo
1007 1723 1049 1780 ut
1081 1711 1436 1808 profluente'urina
1469 1711 1619 1784 cervicis
1652 1707 1787 1782 uterini
1877 1733 1879 1739 ·

205 1847 380 1936 vaginulis
405 1871 488 1940 pars
513 1847 656 1938 irrigari
681 1847 853 1916 continuo
879 1845 1056 1920 debuerit.
1107 1847 1150 1916 In
1167 1848 1347 1940 ampullae
1364 1847 1537 1938 vaginulis
1552 1847 1666 1916 fundo
1690 1844 1786 1914 uteri

207 1983 382 2069 vaginulis
421 1983 544 2071 portio
577 1985 800 2074 conspicitur
834 1983 928 2051 iufra
968 1985 1139 2052 urethrae
1177 1961 1305 2052 ostium
1338 1983 1567 2074 prominens,
1606 1979 1701 2051 binis
1737 1977 1783 2050 ab

208 2121 372 2204 utraque„
387 2125 491 2205 parte
516 2115 622 2206 plicis
645 2117 823 2204 cutaneis,
861 2139 954 2208 quae
980 2117 1018 2184 in
1051 2117 1245 2210 ampullam
1271 2125 1478 2204 transeunt,
1518 2115 1723 2208 sensimque
1746 2114 1787 2186 iu

207 2247 418 2316 membrana
450 2251 664 2322 investiente
695 2249 862 2342 raginam
894 2265 1129 2346 evanescunt,
1166 2253 1271 2346 quasi
1301 2235 1454 2328 totidem
1479 2249 1679 2326 columellis
1701 2273 1787 2323 sus·
1907 2268 1911 2282 ’
1967 2293 1971 2316 ι

201 2391 353 2487 Ιιιειιιιαι.

304 2675 411 2748 Patet
434 2702 482 2749 ex
518 2677 586 2748 bac
625 2679 867 2776 descriptione
908 2679 1014 2772 hujus
1054 2682 1182 2753 ductus
1214 2683 1367 2752 eundem
1407 2669 1593 2752 uretbram
1632 2703 1654 2751 a
1692 2697 1787 2772 peno

210 2815 309 2908 quasi
335 2817 559 2884 secedentem
586 2815 659 2884 dici
684 2817 848 2905 debere,'
865 2818 949 2886 licet
975 2813 1148 2908 vaginulis
1173 2819 1331 2914 ampulla
1357 2829 1393 2887 et
1426 2819 1607 2890 orificium
1632 2817 1669 2886 in
1695 2835 1783 2885 ure·-
1840 2891 1843 2898 ,

208 2951 327 3020 tlrram
355 2971 500 3042 quoque
523 2955 756 3044 opperiatur3
777 2953 829 3024 ita
854 2961 894 3021 ut
918 2963 1071 3044 utraque
1097 2953 1135 3020 in
1157 2975 1267 3022 unum
1294 2953 1451 3038 conllata
1477 2963 1662 3048 appareat.
1712 2949 1786 3020 La·

158 3153 161 3165 .
209 3085 268 3155 bio
293 3085 473 3174 scrotalm,
499 3104 546 3154 ex
570 3084 797 3180 ltypospadia
822 3099 920 3176 orta,
946 3087 1123 3160 orificium
1151 3085 1255 3178 hujus
1280 3089 1449 3158 methrae
1473 3053 1660 3180 vaginulis,
1687 3085 1787 3175 cujus
1853 3055 1856 3064 ³

212 3205 342 3290 ostium
382 3219 579 3290 feruoribus
611 3223 773 3294 adductis
806 3223 997 3310 claudunt,
1034 3222 1213 3292 lubiorum
1256 3224 1417 3316 pudendi
1458 3219 1635 3312 majorum
1676 3223 1788 3292 modo

120 3357 127 3368 '
210 3361 375 3448 cingunt,
402 3365 438 3424 at
459 3379 601 3424 saccum
627 3357 907 3450 peritonaealem
932 3361 1151 3447 reuomlunt,
1179 3361 1240 3451 qui
1266 3371 1390 3428 testem
1417 3359 1587 3450 inuoluit,
1614 3361 1786 3428 eundem·

211 3518 280 3588 que
310 3492 481 3576 continet.
532 3491 703 3562 Exterior
738 3493 916 3562 labiorum
949 3495 1156 3562 scrutalium
1192 3497 1337 3568 habitus
1372 3497 1484 3588 magis
1514 3463 1639 3586 utique
1672 3492 1786 3568 virilis

209 3631 320 3704 scroti
344 3597 505 3720 speciem·
527 3629 636 3714 sistit,
663 3639 814 3724 nantel
840 3629 883 3706 iu,
899 3631 985 3698 'vivo
1013 3629 1168 3718 infante,
1196 3633 1233 3700 in
1261 3655 1332 3720 quo
1360 3631 1531 3724 genitales
1557 3641 1679 3723 partes
1703 3627 1786 3721 pri-

211 3793 272 3842 mo
297 3765 430 3837 intueri
446 3773 490 3870 'et
521 3766 736 3856 investigare
767 3766 887 3852 licuit,
922 3765 1137 3852 tumidulae,
1177 3765 1386 3857 sphaericae
1421 3767 1466 3836 ab
1505 3753 1656 3858 utraque
1682 3773 1786 3860 parte

211 3927 363 3996 rugosae
389 3925 427 3972 ae
460 3899 547 3971 milri
580 3899 803 3986 obtulerunt,
842 3913 984 3995 etpost
1018 3912 1172 3972 mortem
1205 3902 1383 4009 denique2
1423 3901 1485 3972 ubi
1515 3914 1669 3996 utruque
1694 3901 1789 3972 sacci

212 4069 297 4140 pars
323 4033 473 4113 limpida
498 4035 726 4128 dependebat
750 4049 786 4108 et
810 4040 938 4112 dexter
953 4040 1113 4112 sacculus
1137 4039 1281 4108 sinistro
1302 4041 1423 4110 minor
1450 4039 1660 4134 apparebat,
1685 4047 1786 4106 tanto

138 4178 143 4186 ’
214 4183 334 4278 potius
359 4175 430 4249 viri
460 4185 619 4246 scrotum
650 4173 720 4244 hoc
753 4199 929 4268 organum
964 4175 1123 4248 sistebat.
1169 4175 1280 4265 Quod
1308 4189 1428 4249 autern
1454 4187 1489 4246 et
1515 4176 1551 4246 in
1583 4174 1652 4242 lucc
1683 4172 1791 4242 virile

215 4331 373 4396 mustum
409 4313 531 4403 magis·
560 4335 667 4404 quam
704 4311 878 4389 foeminei
910 4315 1069 4406 pudendi
1108 4313 1202 4393 labia
1234 4313 1427 4396 accedente
1458 4335 1595 4402 organo
1629 4321 1787 4382 nostram

159 4475 172 4490 ¹
199 4448 411 4552 ‘praecipue
437 4449 669 4520 attentionem
695 4463 872 4538 meretum
914 4451 951 4520 id
984 4459 1053 4538 est,
1091 4449 1186 4541 quod
1222 4459 1341 4518 tamma
1374 4461 1410 4518 et
1440 4449 1499 4518 hic
1525 4449 1571 4516 de
1604 4447 1789 4526 muliebria

214 4593 374 4665 fabricae
404 4583 595 4654 simulacro
633 4583 714 4678 plus
748 4587 866 4658 minus
905 4587 1109 4680 participet.
1160 4585 1234 4658 Ubi
1271 4589 1367 4658 enirn
1401 4587 1445 4658 de
1485 4581 1608 4656 mobte
1646 4583 1788 4660 veneris
