4390 5710
500 444 546 535 73
635 498 640 512 ¹
1200 437 1416 486 »tw

420 657 430 666 ’
500 640 567 710 bus
592 637 731 728 exiguis
756 631 866 703 labris
898 631 1033 720 cincta,
1073 652 1121 700 ex
1160 651 1231 722 qua
1265 638 1434 722 protrusa
1466 628 1571 698 urina
1601 650 1668 722 por
1700 639 1817 698 toturn
1850 632 2101 706 semicanalis

499 775 692 851 uretlrralis
718 775 864 844 ductum
888 773 932 839 ad
956 768 1093 861 glandis
1119 778 1322 838 extremum
1348 766 1703 859 usqueprosiliebat3
1731 790 1801 858 quo
1826 769 2101 862 phaenomeno

499 886 646 984 adducit
679 911 808 981 medici
849 908 1093 993 crediderunt,
1127 904 1223 975 bunc
1266 903 1431 995 juvenem
1464 907 1588 974 eadem
1614 927 1762 998 prorsus
1792 907 1937 976 ratione
1975 908 2099 976 etiam

497 1054 634 1126 semine
660 1052 697 1118 in
724 1045 966 1139 generationis
992 1052 1073 1111 actu
1100 1040 1277 1130 ejaculare
1302 1065 1406 1135 posse
1434 1064 1476 1109 eo
1501 1038 1652 1110 fortasse
1675 1041 1833 1130 facilius,
1860 1044 1961 1135 quod
1993 1069 2097 1137 pene

498 1199 619 1259 erecto
656 1182 930 1254 scruicanalibus
961 1179 1056 1247 labia
1088 1189 1335 1270 turgescerent
1369 1188 1405 1246 et
1438 1189 1645 1270 operturam
1679 1179 1889 1250 inferiorem
1916 1181 1987 1251 vix
2018 1207 2096 1252 non

496 1325 640 1418 penitus
667 1323 906 1390 occluderent.
955 1317 1038 1386 Non
1066 1318 1180 1385 multo
1208 1327 1290 1408 post
1315 1315 1488 1407 temporis
1514 1327 1737 1406 compertum
1765 1316 1849 1404 luit,
1883 1319 1993 1386 illuur
2025 1344 2091 1388 re-

496 1486 582 1534 uera
604 1460 790 1531 mulierem
816 1459 1058 1550 impregnasse
1085 1466 1124 1523 et
1145 1455 1296 1522 eandem
1321 1455 1555 1544 imposterum
1580 1451 1649 1522 sibi
1676 1453 1712 1520 in
1739 1479 1891 1524 uxorem
1919 1458 2090 1531 duxisse.

592 1758 691 1827 Huic
718 1775 824 1846 quern
850 1755 957 1822 modo
982 1751 1149 1840 memini,
1188 1773 1262 1818 non
1289 1748 1460 1817 absimilis
1493 1773 1593 1816 casus
1627 1761 1697 1836 est,
1738 1775 1842 1841 quem
1870 1753 1972 1821 itlem
2012 1781 2084 1825 arr-

493 1909 553 1968 tor
576 1897 631 1964 ·‹le
662 1893 792 1981 jurene
819 1891 1008 1958 llareuato
1034 1886 1163 1974 refert.J
1192 1888 1252 1975 qui
1279 1886 1324 1952 ob
1351 1887 1617 1977 proevalentrs,
1660 1900 1696 1955 ut
1724 1890 1868 1978 quidem
1903 1892 1983 1974 ejus
2013 1920 2084 1984 pa.

491 2043 613 2103 rentes
646 2030 903 2113 crediderunt,
943 2024 1056 2091 virilis
1094 2047 1200 2092 sexus
1239 2023 1462 2090 characteres
1503 2025 1546 2090 ad
1589 2025 1684 2092 viros
1723 2027 1902 2116 relegatus
1942 2030 2080 2114 suerat,

491 2180 598 2263 quein
625 2177 745 2234 autern
772 2175 876 2232 autor
903 2162 947 2229 od
981 2162 1184 2250 sequiorem
1217 2160 1338 2252 potins
1371 2183 1496 2227 sexum
1532 2161 1746 2251 pertinuisse
1779 2165 1947 2238 credidit.
2003 2170 2079 2240 Pe.

490 2308 547 2376 nis
574 2303 624 2371 illi
650 2311 728 2370 erat
755 2311 790 2367 et
809 2299 1039 2389 'longitudine
1067 2309 1101 2366 et
1128 2297 1288 2368 crassitie
1313 2297 1357 2364 ad
1386 2295 1499 2364 colem
1526 2296 1593 2366 viri
1620 2299 1811 2388 accedens,
1851 2299 1957 2391 glans
1985 2304 2075 2375 bene

488 2441 644 2511 formata
671 2461 751 2504 cum
770 2435 852 2503 ostii
878 2435 1022 2502 cutanei
1048 2445 1135 2501 nota
1160 2434 1223 2502 sed
1249 2431 1495 2524 imperlorata.
1547 2433 1782 2525 Pracputium
1806 2447 1906 2504 retro
1929 2441 2074 2532 glandis

489 2597 662 2648 coronam
701 2582 909 2642 retractum.
962 2568 1138 2638 Testiculi
1176 2573 1249 2638 duo
1290 2569 1425 2659 duplici
1464 2567 1572 2638 bursa
1605 2574 1765 2639 contenti
1798 2587 1923 2664 eraut,
1966 2591 2002 2650 et
2037 2583 2071 2652 in

487 2710 608 2783 medio
637 2709 681 2778 ad
707 2707 809 2799 penis
834 2707 991 2775 radicem
1019 2707 1198 2776 orificium
1232 2705 1375 2790 aderat,
1414 2707 1509 2795 qnod
1541 2709 1770 2796 processibus
1802 2713 1967 2784 cutaneis
1995 2743 2068 2811 ny.

485 2845 757 2944 phaetormibus
781 2842 1009 2933 cingebatur,
1038 2865 1192 2934 quorum
1217 2842 1311 2909 inter
1343 2865 1448 2910 crura
1474 2855 1612 2912 meatus
1644 2846 1796 2914 urinarii
1822 2850 2006 2926 orificium
2035 2871 2068 2928 et

485 2985 609 3060 subtus
635 2981 733 3052 eliud
759 2981 889 3050 ostium
917 2979 1053 3072 patuit,
1088 2980 1184 3070 quod
1210 2979 1339 3069 vagina
1366 2979 1541 3048 creditum
1566 2979 1647 3052 fuit.

582 3277 769 3369 Lepeclrin
792 3285 1009 3342 structuram
1036 3274 1244 3364 genitalium
1271 3276 1536 3365 androgynum,
1578 3299 1669 3365 quae
1700 3278 1798 3348 virili
1828 3291 1948 3355 tamen
1975 3305 2063 3364 nota

482 3413 704 3515 praevaluit,
744 3412 781 3479 in
807 3411 921 3478 tribus
948 3410 1121 3478 fratribus
1152 3411 1190 3475 in
1225 3409 1389 3478 districtu
1421 3409 1778 3508 Warehou'alreslroy
1808 3421 1903 3490 natis
1930 3426 2061 3501 obser.

480 3553 590 3631 tavit.
639 3547 740 3621 Natu
770 3547 895 3617 minor·
915 3545 1054 3635 juvenis
1086 3546 1212 3638 viginti
1244 3570 1422 3616 annorum
1455 3561 1533 3616 erat
1563 3548 1654 3618 facie
1686 3551 1862 3642 formosa,
1902 3583 2058 3657 corpore

385 3702 388 3707 ’
479 3705 633 3787 procero
660 3697 695 3756 et
722 3684 814 3754 bene
837 3682 1053 3772 constituto,
1093 3683 1154 3752 sed
1186 3695 1289 3753 erant
1314 3685 1367 3752 illi
1400 3707 1580 3752 mammae
1611 3685 1803 3757 muliebres
1829 3701 1865 3760 ct
1892 3695 2056 3792 turgida}

480 3841 517 3902 et
549 3814 793 3913 duriusculae,
847 3819 1004 3913 papillae
1030 3820 1143 3912 magis
1176 3821 1453 3912 protuberantes
1487 3830 1523 3887 et
1555 3822 1675 3890 areola
1713 3823 1854 3896 rubella
1889 3841 2055 3928 amplior.

477 3964 628 4038 Faciem
657 3969 852 4052 propterea
884 3955 1082 4025 imberbem
1116 3968 1152 4024 et
1177 3978 1302 4024 rocem
1335 3952 1553 4026 foemineam
1592 3959 1813 4031 ostendebat.
1864 3965 1968 4042 Coles
1998 3980 2056 4050 iffi
2152 3963 2153 4052 l

476 4113 600 4176 curtus
624 4095 716 4168 duos
741 4092 889 4186 pollices
915 4107 951 4160 et
975 4102 1048 4161 tres
1073 4092 1185 4160 lineas
1210 4092 1337 4182 longus
1369 4091 1442 4161 line
1476 4117 1585 4163 coeco
1608 4097 1889 4170 terminabatur.
1938 4109 2052 4185 Sero.

474 4255 551 4313 mm
576 4256 686 4326 supra
710 4231 811 4301 basin
843 4231 946 4321 penis
979 4230 1163 4300 firmatum
1194 4227 1344 4298 interius
1376 4229 1414 4298 iu
1446 4230 1536 4298 duos
1569 4255 1691 4300 saccos
1721 4233 1930 4313 distinctum
1961 4263 2050 4324 erat.

473 4373 678 4452 Secundum
702 4379 814 4437 totam
838 4366 1099 4457 longitudinem
1133 4367 1221 4436 colis
1242 4365 1453 4434 inferiorem
1485 4368 1550 4435 ubi
1580 4367 1750 4437 uretlrrae
1773 4371 1893 4467 locus,
1928 4389 2049 4461 sulcus

472 4537 585 4606 usque
610 4508 655 4578 ad
679 4505 779 4576 basin
807 4504 895 4573 colis
920 4514 1089 4572 exaratus
1114 4513 1211 4589 erat,
1250 4502 1313 4571 ubi
1340 4504 1434 4570 iuter
1465 4503 1658 4592 disjunctos
1682 4509 1794 4575 scroti
1829 4533 1949 4586 saccos
1970 4545 2048 4614 pa.

472 4650 542 4722 tuit
565 4643 840 4733 foraminulum,
877 4663 951 4733 quo
977 4640 1084 4710 ruina
1106 4649 1254 4711 excreta
1276 4638 1359 4714 suit.
1409 4639 1527 4712 Totus
1553 4639 1715 4736 perinaei
1741 4643 1914 4720 decursus
1937 4679 2047 4738 canu,
