4390 5710
438 481 509 548 {od
1111 511 1327 558 υυυ·

535 678 681 751 Ostium
707 681 858 762 inferius
878 691 1034 764 ureteris
1056 696 1177 766 dextri
1198 695 1387 790 paululum
1407 696 1551 768 sinistro
1574 697 1677 769 altius
1697 705 1751 770 est
1772 701 1947 792 positum,
1969 707 2011 768 et

436 831 572 906 eorpus
598 821 738 890 vesicae
759 825 963 919 trigonum,
1004 833 1102 921 quod
1127 832 1214 902 alias
1236 834 1275 902 in
1304 844 1398 904 statu
1422 859 1509 904 sano
1536 834 1586 904 nil
1607 844 1678 923 est,
1708 835 1777 904 nisi
1797 836 1953 929 spatium
1974 836 2010 902 in

437 945 556 1020 forma
565 953 737 1050 trianguli
759 958 895 1032 elatum
911 976 948 1034 et
979 967 1176 1038 insertione
1203 980 1239 1037 et
1258 971 1528 1040 continuatione
1546 981 1727 1039 ureterum
1742 973 1791 1039 ita
1808 972 2014 1059 formatum,

395 1145 400 1153 .
439 1094 481 1153 at
504 1085 619 1158 fibrae
645 1089 788 1163 illorum
815 1097 916 1172 fibris
940 1105 1148 1175 musculosis
1172 1106 1402 1176 membranae
1435 1131 1606 1177 carnosae
1619 1107 1902 1196 admisceantur,
1944 1129 2015 1176 an-

441 1229 673 1320 morsumque
687 1246 966 1328 convergentes,
989 1240 1130 1332 illisque
1144 1243 1377 1314 intermixtae
1394 1245 1431 1313 in
1443 1246 1625 1338 regionem
1644 1245 1773 1314 cristae
1790 1244 1873 1336 galli
1893 1255 2016 1313 trona-

441 1368 538 1428 eant.
589 1361 674 1432 Hoc
694 1371 850 1458 spatium
866 1375 1086 1468 triangulare
1111 1381 1197 1448 alias
1211 1383 1408 1473 praecipue
1424 1381 1615 1450 innotescit
1635 1378 1838 1478 ureteribus
1859 1379 2017 1466 intensis,

441 1491 475 1563 ei
503 1497 651 1568 urothra
676 1523 821 1596 quoque
841 1508 919 1580 lixa
946 1511 1075 1606 suerit3
1106 1516 1187 1586 heic
1216 1527 1334 1586 autem
1362 1517 1409 1585 ob
1430 1517 1604 1585 tumidam
1632 1539 1673 1583 ac
1694 1515 1858 1610 villosam
1883 1517 2020 1587 vesicae

351 1627 355 1644 '
444 1630 694 1706 membranam
722 1642 900 1717 internam
925 1646 1014 1738 (vid.
1035 1651 1112 1744 Fig.
1138 1651 1202 1721 tv.
1218 1652 1298 1734 ,litt
1324 1675 1374 1720 ee.
1399 1650 1453 1742 sl.)
1479 1653 1541 1722 vix
1568 1653 1787 1744 conspicitur
1813 1663 1848 1720 et
1874 1651 2019 1744 angulus

447 1769 610 1838 anterior
624 1770 661 1840 in
674 1781 867 1868 ampullam
893 1790 1072 1876 quandam
1088 1789 1287 1881 raginalem
1303 1785 1394 1880 (vid.
1415 1787 1494 1878 Fig.
1509 1786 1575 1859 IV.
1595 1787 1633 1856 Z.
1651 1789 1673 1857 f.
1694 1813 1726 1879 g.
1739 1788 1781 1876 f.)
1798 1811 1818 1856 o
1835 1811 1922 1856 cavo
1941 1811 2019 1856 cor·

447 1903 550 1994 poris
566 1906 663 1980 illius
679 1913 819 2004 nodosi,
833 1919 1094 2016 glandulaeque
1112 1935 1293 2018 prostatus
1307 1936 1455 2016 aspectu
1470 1937 1617 1994 externo
1634 1924 1721 2014 (vid.
1739 1925 1817 2015 Fig.
1830 1924 1859 1994 l.
1875 1938 1910 1992 et
1924 1925 1968 1992 ll.
1982 1925 2017 2014 l.)

446 2041 590 2111 ratione
602 2042 741 2115 formae
762 2063 799 2118 et
816 2054 905 2128 situs
930 2058 1026 2128 baud
1048 2061 1222 2133 absimilis
1242 2063 1412 2134 excurrit.
1462 2059 1628 2153 Ampulla
1649 2061 1737 2128 baec
1757 2061 1807 2128 ibi
1824 2059 1935 2149 jacet,
1958 2061 2021 2130 'ubi

447 2175 588 2248 oliasin
610 2204 726 2273 puero
746 2202 1048 2264 verumontonum
1071 2209 1327 2289 prostataeque
1357 2197 1517 2266 anterior
1534 2198 1643 2269 iacies
1660 2207 1850 2284 excavata,
1876 2199 1915 2264 iu
1937 2203 2024 2268 ur'e'·

449 2311 555 2385 tbrae
575 2321 799 2393 musculosae
818 2338 960 2419 par-tem
983 2327 1106 2423 versa,
1133 2345 1298 2428 apparet.
1349 2331 1538 2424 Ampullae
1566 2331 1670 2419 hujus
1685 2356 1812 2402 carum
1836 2344 2022 2427 angustum

449 2443 657 2539 alquodam
678 2457 869 2546 glandulae
897 2479 1083 2558 prostatae
1116 2483 1190 2540 tam
1232 2469 1353 2562 quoad
1384 2467 1536 2538 formam
1559 2479 1744 2539 externam
1774 2493 1879 2560 quam
1906 2473 2023 2562 quoad

454 2582 564 2656 situm
588 2592 766 2680 persimili
794 2623 949 2693 corpore
969 2609 1184 2696 constituto,
1214 2629 1339 2678 reram
1366 2606 1478 2674 refert
1502 2608 1685 2697 raginam,
1716 2607 1867 2679 minoris
1887 2620 2025 2677 tantum
2071 2697 2075 2704 Χ

454 2721 669 2814 voluminis,
706 2754 799 2822 quoe
823 2736 905 2806 heic
928 2753 1048 2810 mrtem
1070 2745 1258 2834 glandulae
1280 2753 1461 2832 prostatae
1481 2743 1565 2810 loco
1591 2753 1760 2834 apertura
1786 2746 1937 2832 quadam
1966 2747 2026 2812 in·

454 2856 731 2936 fundibililormi
763 2872 801 2938 in
838 2875 1022 2946 uretbram
1042 2879 1129 2949 alias
1156 2880 1315 2975 perfecte
1339 2879 1480 2950 virilem
1502 2879 1597 2966 hiat,
1622 2881 1843 2971 propriaque
1860 2885 2027 2972 apertura

456 3017 523 3066 eeu
543 2999 637 3070 rima
659 3004 792 3076 vulvali
817 3022 927 3082 caret.
980 3015 1121 3109 Vagina
1138 3019 1232 3086 'baec
1255 3041 1344 3085 cavo
1366 3039 1431 3088 suo
1464 3014 1780 3084 infundibilitormi
1803 3025 1914 3084 totam
1938 3039 2026 3086 ure-

454 3131 561 3204 tlrrae
583 3137 745 3212 internae
761 3158 903 3234 partem
927 3156 1165 3242 posteriorem
1187 3165 1340 3246 occupat
1359 3164 1395 3220 et
1406 3152 1549 3219 unicam
1559 3161 1701 3218 tantum
1724 3151 1908 3220 caritatem
1924 3175 2030 3222 oom-

459 3290 606 3337 munem
633 3279 857 3348 constituunt
891 3287 985 3354 inter
1018 3314 1075 3375 se,
1112 3315 1195 3358 cum
1230 3301 1395 3381 prostata
1449 3299 1486 3357 et
1533 3296 1831 3358 remmontanum
1863 3288 2030 3368 1110thoe

462 3401 558 3471 virili
579 3405 729 3495 desunt,
763 3425 825 3482 aut
851 3422 973 3507 potius
997 3423 1089 3492 baec
1113 3427 1383 3519 pseudoregina
1408 3447 1534 3494 eornm
1562 3425 1639 3492 vioe
1668 3421 1838 3514 fungitur.
1886 3425 2032 3500 Caritas

461 3531 553 3605 baec
574 3547 774 3618 communis
802 3563 921 3622 autem
948 3581 1034 3626 mox
1062 3562 1258 3655 derepente
1284 3565 1465 3632 coarctior
1488 3560 1800 3652 augustiorque'fit
1821 3559 1856 3629 in
1871 3563 2032 3652 regione,

464 3669 528 3740 ubi
542 3677 711 3748 uretbrae
730 3686 823 3754 virili
843 3691 978 3765 bulbus
1000 3696 1037 3763 in
1057 3698 1220 3768 inferiori
1242 3711 1279 3768 et
1307 3685 1456 3768 externa
1471 3698 1563 3767 socie
1584 3696 1739 3785 adjacet,
1764 3695 1930 3786 illiusque
1952 3719 2034 3789 pars

463 3821 616 3882 externa
639 3837 702 3885 Seu
723 3827 934 3917 spongiosa,
961 3835 1130 3926 nymphis
1147 3835 1338 3905 mulierum
1360 3836 1584 3925 respondens
1599 3834 1736 3926 incipit.
1783 3831 1929 3902 Cavitns
1945 3835 2034 3904 haec

466 3945 505 4012 in
530 3945 667 4015 duabus
692 3953 950 4038 directionibus
973 3969 1123 4042 dirersis
1155 3972 1250 4040 foras
1288 3969 1475 4039 tetendille
1512 3973 1673 4060 ridetur,
1704 3981 1833 4040 natura
1860 3979 2036 4038 monstrat

463 4103 645 4151 conamen
668 4106 808 4161 errores
833 4119 915 4168 suos
945 4105 1165 4196 corrigendi,
1196 4108 1345 4197 vaginae
1370 4108 1507 4175 exitum
1530 4108 1608 4176 loco
1632 4117 1801 4176 consueto
1822 4114 1858 4172 et
1879 4107 2035 4176 naturali

466 4220 684 4309 reparandi,
717 4223 995 4330 sejungendique
1015 4245 1377 4312 communicationem
1402 4243 1477 4328 ejus
1500 4269 1579 4312 cum
1599 4243 1745 4312 uretltra
1771 4240 1859 4338 olias
1878 4242 2037 4334 perferte

470 4358 585 4444 virili,
612 4380 702 4448 quae
724 4361 854 4436 abhinc
871 4390 1086 4466 perangusta
1108 4381 1143 4447 in
1165 4382 1269 4472 penis
1294 4379 1458 4448 inferiori
1479 4393 1581 4470 parte
1602 4364 1779 4470 usquead
1800 4375 1937 4473 glandis
1952 4377 2038 4476 api-

468 4517 550 4568 cem
564 4495 738 4588 decurrit,
764 4501 888 4598 ibique
905 4512 1044 4584 orillcio
1067 4517 1239 4611 naturali,
1265 4519 1421 4613 satisque
1436 4541 1566 4614 magno
1586 4526 1700 4612 patet.
