4390 5710
891 1390 1612 1490 Sectiotertia

541 1587 596 1676 de
645 1594 898 1702 genitalium
937 1598 1160 1678 anomaliis
1210 1617 1253 1678 ct
1302 1597 1533 1708 praecipue
1576 1593 1629 1676 de
1667 1591 2017 1682 formationibus

1058 1746 1473 1862 hermapluoditiciS.

1003 1958 1545 1990 ‘’m-*⁸⁸¹*

489 2112 570 2241 Ex
596 2170 904 2266 disquisitionibus
936 2175 1120 2266 hucusque
1152 2195 1219 2266 per
1252 2173 1409 2242 diversas
1441 2171 1585 2241 ordines
1618 2184 1654 2242 et
1686 2171 1787 2246 varia
1818 2180 2081 2252 mammalium

489 2328 623 2397 genera
648 2308 818 2381 institutis
842 2313 1037 2382 maximam
1070 2311 1270 2400 analogiam
1302 2330 1518 2400 organorum
1557 2311 1742 2401 utriusque
1781 2335 1890 2383 sexus
1924 2318 2081 2406 quidem

493 2442 616 2511 adesse
641 2446 705 2513 sed
729 2448 872 2537 regula,
898 2449 954 2515 his
981 2445 1225 2517 animantibus
1252 2446 1422 2528 naturali,
1456 2469 1598 2537 semper
1625 2449 1752 2537 cuique
1777 2449 1977 2522 individuo
2008 2455 2081 2527 siu·

495 2575 578 2671 gulo
602 2589 744 2652 tanturn
770 2582 975 2656 alterutrius
999 2607 1105 2655 sexus
1131 2582 1354 2651 characteres
1375 2582 1577 2670 contribui,
1603 2583 1698 2652 clare
1723 2585 1856 2678 prodit.

592 2878 632 2950 Si
664 2879 756 2950 hanc
789 2885 1095 2976 comparationem
1129 2902 1345 2971 organorum
1373 2903 1478 2949 sexus
1513 2880 1700 2970 utriusque
1729 2905 1797 2972 per
1830 2905 1962 2952 omnes
1999 2890 2082 2957 ani-

496 3016 646 3086 malium
669 3018 796 3089 classes
820 3021 857 3088 in
884 3022 976 3088 serie
999 3017 1238 3087 descendente
1264 3015 1506 3105 conferamus,
1541 3014 1614 3106 poli
1642 3018 1800 3108 oppositi
1826 3018 1895 3086 sibi
1915 3021 2080 3092 invicem

496 3176 639 3247 semper
663 3159 776 3247 magis
802 3155 985 3246 magisque
1012 3155 1380 3245 adpromiximantur,
1421 3153 1619 3242 usquedum
1647 3155 1762 3221 omnis
1786 3177 1893 3222 sexus
1921 3157 2084 3228 charac-

499 3297 557 3354 ter
595 3291 784 3359 eranescit.
834 3291 913 3356 Jam
946 3290 983 3354 in
1016 3288 1260 3354 mammolium
1300 3287 1423 3354 inlima
1457 3287 1548 3354 serie
1581 3299 1618 3354 ut
1650 3291 1687 3356 in
1720 3291 2015 3383 ornitlrorynclro
2051 3311 2083 3364 et

500 3419 654 3490 echidna
686 3423 874 3512 utriusque
906 3445 1010 3490 sexus
1043 3441 1178 3512 organa
1210 3420 1305 3488 baud
1339 3421 1487 3490 multum
1526 3424 1707 3495 differunt.
1759 3427 2084 3514 Quemadmodum

501 3557 541 3627 in
565 3557 733 3629 soemella
760 3559 896 3629 nullum
923 3567 1065 3626 uterum
1091 3557 1287 3648 conspicis,
1325 3558 1375 3625 sic
1409 3581 1552 3647 quoque
1578 3561 1615 3626 in
1642 3562 1797 3628 masculo
1830 3563 1955 3633 nullae
1995 3574 2083 3638 vesi.

500 3696 602 3766 culae
627 3696 814 3765 seminales
839 3691 1009 3782 invenies,
1038 3695 1140 3761 etuti
1160 3698 1289 3786 vagina
1315 3697 1353 3763 in
1380 3691 1536 3762 cloacam
1563 3695 1649 3780 abit,
1675 3699 1724 3764 sic
1752 3721 1895 3789 quoque
1922 3702 1963 3770 iu
1995 3728 2087 3774 uras·

504 3831 585 3899 culo
622 3833 720 3902 nulla
753 3842 904 3926 apparet
937 3831 1095 3900 nrethra.
1144 3831 1184 3898 Iu
1227 3831 1512 3920 ornitlrorynclro
1544 3831 1646 3921 penis
1685 3855 1765 3899 cum
1799 3834 1928 3924 glande
1972 3839 2087 3911 bilida

503 3965 667 4060 pluribus
693 3969 828 4035 ostiolis
866 3968 1006 4036 mnnita
1036 3966 1071 4033 in
1107 3967 1265 4036 cloacam
1292 3966 1532 4034 absconditur.
1583 3969 1727 4037 Canalis
1752 3972 1935 4043 seminalis
1958 3999 2087 4047 mem..

503 4103 562 4172 bri
588 4100 700 4174 virilis
725 4100 762 4168 in
789 4103 860 4169 dua
885 4125 972 4170 cara
999 4105 1228 4188 terminatur,
1269 4127 1288 4170 a
1323 4100 1450 4191 quibus
1477 4091 1596 4172 semen
1630 4127 1696 4194 per
1721 4106 1861 4198 glandis
1888 4109 2090 4211 biscupidis

506 4243 598 4311 ostia
622 4237 832 4332 ejaculatur.
880 4236 983 4327 (Vid.
1011 4239 1185 4330 Zoolagie
1213 4262 1244 4307 r.
1270 4239 1316 4307 D.
1344 4237 1385 4306 F.
1412 4238 1654 4332 'siedemann)

606 4508 648 4579 In
674 4507 848 4596 echidna3
881 4506 981 4596 cujus
1005 4509 1106 4601 penis
1139 4507 1238 4600 glans
1266 4508 1590 4602 quatrilolobularis
1623 4511 1859 4606 imperforata
1891 4517 2090 4615 invenitur,

511 4662 584 4713 non
617 4646 732 4714 solum
765 4645 873 4714 urina
909 4647 972 4715 sed
1003 4669 1125 4719 semen
1159 4672 1304 4740 quoque
1337 4649 1374 4718 in
1410 4648 1567 4718 cloacam
1608 4650 1733 4724 ellluit.
1784 4651 1877 4728 Pars
1918 4660 2092 4734 urethrae
