4390 5710
441 482 512 557 ¹26
1123 467 1340 514 “s“

440 673 620 771 Georgius
645 639 760 738 Ebert
783 661 841 736 vir·
864 679 973 730 sonus
996 665 1033 730 et
1056 653 1182 728 firmus
1206 663 1251 735 tr
1289 677 1372 729 ann.
1398 675 1494 724 nunc
1517 653 1743 730 solummodo
1769 655 1889 728 ulcere
1914 650 2017 749 pedis

440 819 601 902 labora13
628 789 755 877 'mater
781 798 1015 890 Kuneguuda
1046 794 1161 866 Ebert
1185 793 1342 864 foemina
1369 798 1416 885 57
1443 817 1524 864 ann.
1552 793 1617 864 etsi
1642 793 1712 884 jam
1740 804 1877 890 septem
1903 791 2022 885 proles

440 955 603 1054 perfecte
635 945 809 1015 formatos
841 934 1051 1030 progenuit,
1088 951 1176 1002 sana
1202 941 1238 1002 at
1268 927 1415 1001 robusta
1441 929 1627 1022 bucusque
1650 929 1726 1000 lere
1753 939 1894 1024 semper
1919 929 2023 1000 firma

440 1089 623 1191 gaudebat
647 1075 873 1162 valetudine,
900 1095 943 1140 eo
969 1075 1134 1162 tempore
1161 1077 1336 1162 excepto,
1368 1063 1430 1136 ubi
1458 1067 1607 1160 gravida
1632 1067 1748 1138 Evam
1774 1077 1934 1137 nostram
1959 1065 2022 1138 so»

438 1229 558 1305 vebat.
607 1219 745 1292 Versus
779 1205 1017 1300 septimanam
1056 1215 1193 1275 textam
1227 1205 1453 1298 graviditatis
1492 1229 1577 1274 suae
1610 1203 1802 1276 diarrhoea
1835 1205 1916 1272 dira
1951 1201 2020 1272 luit

441 1370 630 1454 correpta,
661 1363 697 1421 et
722 1344 927 1432 debilitata3
960 1343 1022 1434 qui
1049 1341 1196 1411 morbus
1221 1345 1367 1410 tandem
1393 1342 1538 1412 sedatus
1563 1364 1628 1434 per
1653 1353 1768 1412 totum
1795 1337 2020 1432 granditatis

438 1513 582 1592 tempus
608 1493 686 1562 sera
707 1492 794 1579 post
819 1501 944 1550 omnes
965 1481 1019 1548 25
1048 1478 1123 1548 dies
1149 1480 1279 1547 iterum
1306 1497 1470 1550 reversus
1496 1491 1566 1567 est;
1592 1477 1751 1548 foemina
1777 1478 1925 1570 insuper
1950 1473 2020 1565 jam

437 1641 477 1712 in
501 1632 611 1706 tertio
638 1615 861 1719 graviditatis
886 1638 1006 1684 meuse
1032 1613 1368 1708 peripneumoniam
1395 1615 1463 1684 suit
1489 1637 1678 1707 perpessu,
1717 1624 1752 1684 et
1778 1614 1841 1686 vix
1866 1631 2019 1682 rocova-

438 1773 595 1856 lestans,
620 1763 739 1834 diaeta
765 1752 966 1826 necessaria
991 1749 1174 1843 neglecta,
1208 1747 1362 1821 eundem
1386 1746 1423 1820 iu
1450 1748 1617 1820 morbum
1645 1747 1763 1820 adhu'c
1789 1751 1933 1844 gravius
1957 1773 2018 1820 re·

440 1911 559 1982 oidira
593 1919 660 1994 per
699 1895 790 1964 duos
817 1911 956 1959 mensas
981 1888 1076 1958 lectu
1101 1887 1169 1958 luit
1202 1889 1358 1957 detenta.
1408 1887 1471 1956 Sat
1504 1887 1654 1959 multum
1681 1890 1863 1979 sauguinis
1888 1887 1925 1956 in
1951 1885 2019 1972 hoa

436 2039 567 2120 morbo
594 2025 817 2106 mittebatur·
870 2022 1046 2094 Foemina
1073 2017 1221 2094 omuino
1244 2045 1311 2116 per
1342 2027 1454 2092 totam
1488 2024 1741 2113 granditatem
1769 2025 1861 2094 male
1885 2047 1923 2094 se
1949 2021 2019 2092 ha-

434 2181 704 2270 buit‚'semper
729 2165 855 2238 dolore
878 2161 1116 2253 tensioneque
1147 2158 1211 2230 imi
1236 2162 1390 2247 ventris,
1418 2161 1489 2227 acsi
1514 2171 1756 2251 rumperetur,
1782 2161 1850 2231 luit
1876 2167 2017 2230 vexata.

433 2317 550 2395 Partu
566 2311 612 2382 ad
637 2302 833 2390 terminum
858 2305 1007 2392 peracto
1034 2293 1226 2383 obstetrix,
1251 2315 1331 2366 cum
1360 2294 1495 2386 aliquid
1521 2289 1843 2388 hermaphroditici
1870 2270 2019 2385 videret,

436 2455 483 2528 tle
509 2465 597 2524 sexu
622 2433 770 2514 infantis
796 2430 967 2506 dubitans
991 2459 1073 2506 eum
1100 2425 1258 2527 puellam
1289 2423 1804 2525 praevalentemdeolaravit,
1841 2441 1877 2503 et
1903 2425 2017 2503 iulans

436 2583 549 2662 fontis
574 2571 759 2654 ablutione
784 2573 886 2644 Evae
919 2593 1052 2643 nomen
1084 2571 1236 2663 aceepit
1287 2569 1380 2640 Cum
1406 2573 1525 2637 autem
1553 2585 1653 2638 casus
1676 2563 1823 2640 infantis
1849 2563 2021 2642 deformis

435 2746 553 2811 rarus,
579 2727 615 2790 et
641 2710 832 2786 Obstetrix
855 2701 1070 2780 relationem
1096 2703 1175 2799 lege
1201 2707 1463 2802 praescriptam
1495 2706 1593 2774 Duos
1618 2705 1698 2775 Dri.
1730 2667 1857 2799 Speier
1880 2701 2019 2778 medico

433 2857 612 2936 districtui
644 2849 873 2948 praeposito,
911 2845 1063 2937 physico
1091 2844 1143 2914 sic
1165 2841 1284 2932 dicto,
1323 2843 1426 2932 fecit,
1460 2841 1521 2933 qni
1546 2837 1722 2912 insontem
1756 2837 1874 2915 adhuc
1896 2847 2018 2916 vivum

435 3016 519 3072 oum
543 2996 640 3066 Dnu.
667 2990 757 3056 Dre.
783 2981 884 3050 Prot
910 2980 1083 3072 Scbilling
1108 2979 1357 3074 praesentibus
1382 2979 1546 3071 pluribus
1570 2975 1718 3049 medicis
1744 2989 1852 3072 atque
1879 2981 2019 3052 chirur·

434 3130 489 3231 gis
514 3119 692 3202 lustravit
740 3119 794 3189 Hi
818 3117 1066 3187 testiculorum
1091 3117 1129 3185 in
1154 3127 1274 3187 scroto
1303 3107 1386 3186 tisso
1418 3117 1621 3209 praesentia
1647 3129 1800 3209 puerum
1836 3139 2018 3210 recogno.

434 3273 577 3344 verunts
625 3253 745 3346 Hujus
775 3245 860 3324 miri
896 3253 992 3323 sama
1024 3271 1083 3321 me
1111 3247 1262 3322 tandem
1297 3275 1440 3344 quoque
1472 3253 1609 3342 attigit,
1646 3259 1681 3321 et
1707 3249 1765 3320 die
1801 3245 2019 3324 binlantilis

434 3405 532 3480 vitae
558 3395 655 3468 hunc
685 3407 841 3485 puerum
875 3378 1073 3456 deformem
1110 3411 1253 3481 quoqne
1286 3388 1486 3481 explorari.
1537 3386 1664 3456 Primo
1691 3381 1838 3459 infantis
1872 3402 2018 3482 aspectu

434 3535 587 3613 horrido
632 3527 803 3621 obstupui
835 3517 882 3594 ob
914 3540 1065 3592 massam
1096 3517 1475 3617 fungosa-carnonam
1510 3523 1632 3593 colore
1663 3519 2018 3598 rubicundo-livido

433 3673 604 3761 tinctamt
646 3683 729 3736 nam
755 3663 941 3752 hucusque
968 3675 1153 3753 nonquam
1191 3663 1277 3752 quid
1303 3657 1419 3734 simile
1452 3659 1535 3732 rirli⁴
1586 3657 1723 3732 Totum
1750 3655 1929 3733 abdomen
1956 3657 2017 3734 vix

436 3782 511 3886 non
536 3785 633 3878 inter·
656 3792 795 3872 femora
821 3790 997 3868 haeserat
1046 3788 1166 3868 Massa
1191 3799 1253 3867 illa
1285 3799 1652 3889 carnoso-spongiosos
1679 3798 1808 3888 livida,
1848 3799 2015 3870 mucida-

438 3968 510 4043 que
535 3933 779 4016 abumbilico
804 3937 899 4005 inter
937 3927 1089 4005 annulos
1119 3927 1364 4005 abdomiuales
1392 3939 1428 4001 et
1460 3926 1598 4004 sernora
1625 3932 1669 4006 ad
1696 3955 1904 4006 mucronem
1930 3937 2018 4007 ossis

435 4071 829 4172 coccigisextenditur3
855 4079 891 4140 et
917 4063 1041 4145 avibus
1056 4069 1174 4144 adina
1196 4066 1412 4162 junioribus,
1437 4063 1670 4165 implumibus
1697 4068 1873 4165 valdeque
1891 4075 2016 4144 crassis

434 4217 533 4296 baud
559 4209 729 4288 absimilia
753 4211 824 4298 est,
849 4211 1046 4303 praecipue
1072 4201 1133 4279 obi
1159 4201 1203 4278 iio·
1228 4211 1348 4301 capite
1372 4211 1409 4278 in
1431 4210 1546 4280 'altum
1570 4204 1681 4280 tensio
1704 4199 1886 4280 abdomen
1911 4204 2015 4284 valde

435 4351 626 4432 flaccidum
652 4337 846 4438 dependet,
871 4349 906 4415 et
933 4338 1141 4415 intestinum
1167 4363 1231 4417 seu
1256 4337 1378 4416 cloaca
1404 4365 1529 4418 earum
1552 4347 1727 4418 naturalis·
1752 4366 1877 4419 eversu
1903 4342 2015 4439 magis

432 4500 595 4598 minusve
620 4480 846 4578 proboscidis
871 4475 982 4552 modo
1005 4485 1244 4576 protruditur.¹
1295 4475 1460 4577 Utroque
1483 4477 1521 4554 in
1547 4500 1631 4553 casu
1648 4485 1751 4574 hujus
1772 4475 2014 4578 phaenomeui

437 4643 546 4731 sousa
569 4623 682 4723 peltis
706 4637 789 4712 ossa
812 4621 851 4724 {n
875 4621 1026 4720 regiano
1058 4623 1264 4722 symphysis
1288 4643 1362 4715 non
1386 4623 1529 4700 reunita
1555 4599 1754 4716 accusanda
1779 4633 1874 4717 sunta
1921 4616 2018 4695 Ossa
