4390 5710
425 461 498 543 114
1101 489 1319 536 νων

425 682 505 738 rum
533 661 813 760 genitaliumque
849 673 1006 743 abeunte
1043 674 1274 767 dignoscitur.
1326 673 1444 741 Status
1476 670 1536 742 liic
1563 696 1581 742 1
1606 671 1771 766 pluribus
1794 694 1862 766 pro
1890 672 2007 741 ees'iea

427 798 590 875 urinaria
614 824 686 872 non
712 803 872 896 perlecta
898 809 1052 878 formata
1079 821 1139 881 aut
1171 811 1314 880 inversa
1336 809 1510 898 liabetur3
1542 819 1594 876 ast
1620 831 1700 875 cuni
1727 809 1807 875 lieic
1832 829 2008 900 pri-saepo

426 933 546 1012 adhuc
571 937 778 1010 intestinum
804 953 912 1014 tenue
945 957 1051 1014 antea
1085 970 1167 1014 ciim
1199 944 1356 1016 vesicula
1386 942 1581 1012 unibilicali
1614 946 1899 1029 communicans,
1941 966 2008 1008 va-

429 1070 536 1164 εἴηῆ,
574 1084 636 1142 aut
660 1087 840 1168 prostata,
873 1083 1025 1174 vaginae
1050 1083 1228 1174 analogon
1254 1092 1289 1150 et
1315 1082 1523 1153 intestinum
1547 1091 1705 1166 rectum,
1751 1081 1818 1149 nisi
1844 1080 2011 1149 intestino

428 1227 552 1280 erasse
577 1212 723 1284 omnino
750 1214 885 1305 desint,
912 1217 1016 1286 simid
1042 1217 1139 1287 foras
1162 1229 1301 1311 petunt,
1326 1219 1420 1286 lianc
1442 1217 1694 1286 sarmationem
1720 1241 1825 1308 quam
1851 1216 2012 1284 cloacam

433 1351 496 1410 aut
520 1346 648 1416 rimam
673 1349 865 1439 genitalem
889 1354 1100 1443 primariam
1128 1354 1313 1423 declarare
1339 1375 1545 1445 possumus,
1580 1376 1600 1420 e
1625 1374 1695 1442 quii
1722 1355 1841 1420 omnia
1868 1353 2010 1420 illorum

435 1479 544 1560 iilum
568 1492 800 1573 systematum
826 1511 960 1580 organa
986 1489 1024 1558 in
1049 1488 1265 1568 formatione
1289 1489 1442 1560 normali
1469 1512 1659 1585 progressa
1684 1497 1917 1590 separassent.

522 1660 745 1739 ‘Levissimus
770 1667 874 1762 hujus
906 1670 1133 1748 alienationis
1159 1672 1291 1766 gradus
1324 1681 1378 1741 est
1408 1678 1521 1740 status
1554 1667 1647 1749 Ana
1673 1695 1689 1738 s
1699 1670 2014 1772 padiaeoruni,

436 1793 500 1862 ulii
527 1819 658 1892 nempe
685 1815 854 1896 apertura
879 1809 1017 1882 vesicae
1049 1809 1230 1880 urinariae
1254 1816 1419 1882 remanet
1444 1818 1480 1876 11
1510 1831 1620 1900 supra
1642 1806 1853 1908 symphysin
1880 1806 2015 1876 ossium

436 1930 548 2022 pubis
573 1945 636 2005 aut
661 1962 741 2008 cuin
768 1939 874 2032 hujus
900 1945 1043 2015 delectu
1068 1945 1280 2015 simultaneo
1307 1943 1348 2032 in
1371 1944 1519 2037 regione
1544 1945 1676 2022 montis
1700 1944 1840 2022 veneris
1865 1965 1894 2008 1.
1917 1965 1951 2037 g.
1978 1936 2016 2008 iii

438 2067 547 2137 dorso
570 2073 673 2164 penis
699 2076 785 2146 hiat.
838 2079 992 2154 Puerum
1027 2081 1131 2172 hujus
1165 2081 1305 2176 generis
1338 2080 1424 2149 alias
1458 2079 1656 2181 perlectum
1684 2084 1720 2148 in
1746 2102 1870 2148 museo
1896 2079 2016 2146 scieu-

323 2249 330 2264 .
441 2205 571 2276 tiaram
597 2212 803 2284 academiae
828 2216 1077 2288 monacliensis
1088 2217 1340 2290 benevolentia
1365 2218 1431 2286 Dr.
1446 2217 1534 2308 Spix
1559 2217 1643 2287 iridi.
1692 2215 1823 2288 Vesica
1847 2215 1884 2292 in
1912 2215 2017 2282 dorso

441 2345 545 2435 penis
568 2359 691 2440 patet,
715 2359 752 2419 et
778 2354 947 2423 urettiraa
971 2378 1056 2447 pars
1089 2354 1269 2449 posterior
1294 2355 1333 2432 in
1364 2355 1509 2427 dorsum
1536 2353 1640 2458 penis
1665 2370 1863 2430 excurrens
1889 2351 2017 2426 sensim

444 2486 636 2554 evanescit.
686 2487 796 2560 Pubis
828 2491 1016 2584 symphysi
1056 2491 1247 2576 deficiente
1278 2513 1351 2571 non
1384 2513 1468 2559 raro
1503 2490 1620 2569 vesica
1646 2491 1792 2566 omniuo
1819 2465 2020 2576 iniiertitur,

446 2628 507 2687 1111
534 2623 743 2713 operculum
777 2625 1004 2706 abdominale
1035 2625 1110 2718 ejus
1139 2628 1298 2720 regionis
1329 2636 1366 2698 11
1399 2617 1538 2702 uesicae
1572 2629 1691 2722 paries
1723 2626 1883 2700 anterior
1917 2624 2021 2698 simul

445 2754 595 2847 desunt,
622 2763 866 2856 111-11111111
892 2765 1071 2856 posterior
1101 2761 1234 2832 format
1260 2787 1409 2842 massam
1443 2762 1869 2862 carnoso-spongiosam,
1900 2760 2022 2860 papil-

446 2888 490 2963 tis
518 2895 639 2964 urinas
664 2899 940 2969 excerneutibus
970 2900 1147 2992 signitam.
1200 2899 1318 2989 Hujus
1348 2901 1489 2994 generis
1524 2900 1591 2969 tuit
1617 2898 1743 2968 Ussem
1770 2899 1829 2967 ille
1855 2897 2023 2984 famosos,

447 3023 720 3125 aDesgranges
745 3035 972 3126 observatus,
999 3045 1034 3114 et
1060 3061 1153 3107 nunc
1180 3060 1323 3128 quoque
1349 3037 1483 3126 iulans,
1510 3059 1602 3129 puer
1628 3038 1650 3108 3
1677 3058 1759 3118 anu,
1787 3034 2024 3107 Schwarzen-

449 3163 570 3233 bachii
594 3168 641 3236 ad
679 3169 814 3240 flumen
852 3171 933 3242 Saal
965 3170 1045 3260 siti,
1088 3173 1216 3242 eodeni
1248 3175 1336 3250 vitio
1368 3173 1519 3252 laborat.
1568 3171 1609 3241 Iu
1644 3171 1768 3240 intimo
1801 3167 2027 3240 formationis

451 3300 617 3370 cloacalis
641 3307 755 3395 gradu
782 3307 859 3376 1111
885 3331 1027 3399 semper
1053 3318 1168 3378 totum
1196 3310 1372 3378 abdomen
1406 3319 1527 3392 manet
1551 3308 1723 3396 divisum,
1764 3305 1864 3395 cnjus
1887 3307 2029 3397 generis

452 3433 590 3505 Petitus
615 3463 735 3507 casum
763 3444 1050 3515 communicavit.
1100 3443 1352 3534 Integumeuta
1367 3443 1607 3516 abdominalia
1634 3446 1780 3513 omnino
1797 3439 2029 3534 deficiebant,

454 3571 490 3641 in
518 3574 665 3667 regione
690 3577 798 3669 pubis
819 3578 914 3648 fossa
938 3581 1081 3669 aderat,
1118 3579 1217 3669 cujus
1250 3580 1445 3682 diametros
1478 3582 1583 3649 uniiis
1608 3579 1747 3672 pollicis
1769 3578 2029 3670 longitudinem

395 3741 396 3744 ¹
454 3707 600 3801 paulum
629 3713 840 3806 superabat3
866 3717 901 3784 tn
929 3714 1043 3785 fossae
1069 3717 1180 3786 tundo
1205 3715 1383 3786 orificium
1411 3715 1531 3806 avale,
1558 3725 1612 3790 sat
1638 3714 1792 3806 amplum
1821 3714 1866 3784 ad
1894 3715 2030 3788 intesti-

455 3831 542 3914 num
573 3858 680 3918 tenue
714 3813 933 3941 conducens,
973 3852 1067 3922 inlr'a
1101 3834 1232 3924 fossam
1266 3851 1451 3956 appendix
1486 3851 1660 3954 quaedam
1688 3876 1753 3922 sex
1785 3851 1899 3942 lineas
1925 3853 2029 3951 longa

457 3992 681 4076 quatuorque
711 3985 823 4060 lineas
855 4011 981 4058 crassa.
1031 3989 1143 4061 Nates
1178 3987 1427 4080 imperfectam
1468 4009 1558 4062 anus
1590 4000 1627 4057 et
1652 3987 1839 4081 genitalia,
1878 3999 2029 4094 excepta

456 4117 517 4187 illa
542 4120 761 4213 appendice,
783 4125 928 4194 omnino
955 4125 1182 4203 deficiebant,
1232 4123 1383 4195 Orificia
1410 4136 1594 4194 ureterum
1619 4126 1657 4194 iii
1683 4123 1873 4207 abdomine
1899 4123 1944 4192 ad
1971 4125 2029 4206 la·
2090 4185 2096 4192 .

457 4266 535 4325 tera
560 4257 748 4328 foraminis
775 4259 876 4332 istius
902 4262 1013 4334 omlis
1042 4273 1372 4356 paten13ureteres
1399 4263 1648 4332 innormaliter
1672 4261 1854 4337 dilatatae.
1905 4261 2028 4342 Plures

459 4389 564 4480 hujus
603 4397 742 4486 generis
779 4420 881 4466 casus
925 4396 955 4466 .l.
994 4397 1036 4469 F.
1070 4397 1191 4467 Mekel
1227 4401 1263 4468 in
1296 4401 1509 4496 compendio
1541 4374 1745 4478 anatomiae
1774 4397 2029 4493 pathologicae.

460 4526 562 4597 Duas
586 4531 702 4601 adhuc
728 4535 895 4603 historias
920 4533 1033 4606 solum
1062 4537 1257 4628 adducam,
1284 4539 1367 4632 quia
1393 4535 1530 4630 aliquid
1557 4535 1728 4642 singulari
1752 4536 1897 4632 utrique
1922 4533 2031 4630 inest,

461 4672 497 4728 et
520 4663 599 4744 illa,
627 4691 733 4759 quam
759 4690 855 4739 nunc
881 4669 1053 4763 observo,
1080 4673 1230 4747 alteram
1257 4695 1401 4772 quoque
1425 4673 1556 4748 clarius
1579 4671 1749 4768 explicat,
