4334 5716
1185 457 1400 498 ΨΦΦ

586 647 760 741 Organis,
795 669 886 738 quae
912 656 1050 719 veteres
1077 641 1121 710 ob
1155 641 1294 711 formae
1327 643 1621 736 functionumqire
1650 645 1920 716 similitudinem
1954 655 2074 716 testes

485 811 551 858 seu
573 787 748 858 vesicaria
781 782 1032 870 nominabant,
1066 780 1276 848 Stensonius
1301 780 1420 871 primo
1452 799 1585 850 nomeu
1617 784 1823 854 orariorum
1858 784 1971 852 dedit.
2028 783 2073 851 In

481 924 610 1017 primis
655 944 780 988 eornm
813 918 1039 987 formationis
1076 916 1301 1005 temporibus
1341 939 1408 984 nec
1446 918 1586 986 ratione
1626 921 1714 990 situs
1753 943 1818 988 nee
1851 917 1996 987 formae
2038 932 2071 988 et

483 1071 684 1127 structurae
711 1081 731 1125 a
757 1057 927 1127 testiculis
956 1055 1104 1124 multum
1140 1052 1330 1137 differunt,
1363 1053 1412 1119 ita
1439 1065 1478 1120 ut
1504 1055 1588 1122 exin
1614 1079 1720 1125 sexus
1746 1048 1934 1123 character
1961 1056 2071 1125 nullo

481 1197 591 1262 morlo
619 1193 784 1284 distingui
811 1195 933 1284 possit.
984 1191 1121 1262 Oraria
1148 1213 1261 1278 aeque
1296 1213 1336 1256 ac
1368 1191 1520 1258 testiculi
1547 1215 1566 1258 e
1593 1190 1747 1281 genitale
1771 1191 1959 1281 primitivo
1992 1217 2068 1262 ex.

480 1339 661 1416 creseunt,
701 1339 737 1396 et
776 1328 1004 1398 extremitate
1044 1350 1109 1396 sua
1146 1325 1325 1415 superiori
1367 1349 1493 1395 reatum
1532 1328 1685 1416 margini
1724 1326 1890 1408 inferiori
1932 1329 2066 1397 stricte

478 1466 643 1560 adposita
666 1473 758 1534 sunt.

575 1762 714 1834 Ovaria
753 1784 833 1830 enm
859 1759 958 1828 'tubis
999 1755 1220 1852 Fallapianis
1259 1761 1397 1849 aequali
1432 1762 1572 1828 ratione
1614 1759 1825 1846 conjunctae
1859 1773 2059 1857 apparent,

473 1909 600 1992 utpote
626 1903 752 1966 duetus
777 1897 976 1965 detinentes
1000 1895 1173 1963 testiculis
1205 1896 1403 1964 inhaerent.
1455 1897 1768 1968 Rosermmcllerus
1801 1909 1835 1968 in
1871 1903 2059 1994 embryo-

468 2035 574 2106 nibus
599 2035 788 2104 foemineis
814 2034 1000 2102 duodecim
1027 2032 1275 2122 heptomatnm
1302 2035 1405 2102 tubas
1431 2035 1592 2123 margine
1620 2037 1755 2102 tumido
1783 2038 2057 2107 circumferen-

465 2174 554 2241 tiam
582 2173 789 2242 orariorum
816 2180 1006 2238 externam
1040 2181 1138 2237 arcte
1164 2168 1361 2237 ambientes
1393 2171 1547 2238 videbat.
1600 2170 1639 2237 F.
1671 2169 1846 2240 Meterius
1872 2178 2054 2265 superio-

462 2327 543 2377 rem
567 2308 735 2375 tubarum
761 2307 869 2375 finem
897 2307 934 2372 in
968 2305 1224 2397 embryonibus
1259 2305 1443 2371 foemineis
1479 2306 1594 2372 adime
1632 2305 1832 2392 junioribus
1858 2309 2051 2382 obcoeea.

462 2451 542 2512 tum
581 2443 727 2513 invenit.
777 2441 860 2532 Ipse
900 2464 1042 2532 qnoque
1080 2443 1118 2510 in
1152 2440 1409 2530 embryonibus
1452 2442 1641 2509 duodecim
1679 2442 1958 2535 heptomadum,
1989 2451 2047 2518 ubi

461 2577 671 2647 extremitas
698 2577 862 2667 superior
887 2577 1000 2646 orarii
1024 2577 1220 2668 praecipue
1244 2586 1364 2644 autem
1389 2576 1471 2644 fmis
1501 2576 1668 2647 tubarum
1695 2582 1919 2651 extremitati
1946 2589 2048 2656 renis

456 2714 622 2784 inferiori
649 2724 747 2782 arcte
773 2713 889 2781 adhuc
916 2712 1087 2781 adhaeret
1097 2765 1106 2800 ,
1132 2713 1332 2804 marginem
1357 2712 1456 2783 illum
1483 2716 1657 2783 tumidum
1684 2716 1952 2788 Rosemuelleri
1980 2725 2046 2792 snb

453 2850 572 2919 forma
599 2851 679 2919 coni
705 2850 856 2936 inversi,
889 2848 991 2940 apice
1016 2873 1080 2917 suo
1116 2859 1258 2916 uterum
1291 2872 1412 2920 versus
1445 2850 1691 2920 descendentis
1721 2855 1852 2923 inveni.
1902 2857 2048 2951 Dupli-

454 2999 578 3056 catura
603 2985 806 3079 peritonaei
833 2985 927 3052 enim
955 3008 975 3050 a
1009 3007 1099 3051 cono
1134 2985 1323 3062 tubarum,
1365 2986 1409 3051 ad
1445 2987 1641 3076 marginem
1669 2991 1889 3060 exteriorem
1918 2999 2046 3065 orarii
2118 2993 2120 3014 '

448 3137 664 3194 exerrrrente
690 3135 725 3191 et
752 3124 788 3190 in
815 3121 944 3188 adultis
970 3122 1170 3187 incensum
1204 3120 1478 3208 ligarncntormn
1515 3147 1736 3212 serosornm,
1774 3126 1839 3194 sub
1876 3135 2046 3202 termine

448 3257 616 3326 teclmieo
641 3258 779 3323 alarum
806 3257 1069 3344 vespertilionis
1104 3255 1238 3338 relato,
1280 3277 1322 3319 co
1347 3266 1509 3344 tempore
1535 3260 1650 3329 tennis
1685 3263 1794 3329 etita
1828 3278 1931 3334 arcta
1959 3294 2044 3362 ap.

445 3401 563 3482 paret,
589 3399 628 3457 ut
655 3414 732 3459 eam
762 3393 824 3460 rix
859 3413 1015 3478 ungriam
1049 3389 1266 3477 conspicias,
1298 3389 1365 3456 nisi
1392 3391 1573 3478 tenaculo,
1614 3395 1740 3463 stilore
1765 3423 1897 3470 conum
1924 3405 2042 3480 illurn

445 3525 492 3596 ab
526 3526 641 3595 orarii
678 3527 841 3619 margine
882 3537 1033 3594 externo
1074 3521 1132 3617 (in
1173 3523 1302 3594 adultis
1344 3537 1463 3596 autem
1503 3538 1706 3601 antrorsum
1743 3537 1856 3627 tnagis
1894 3553 2039 3642 verso)

442 3662 637 3736 dimoveas.

539 3961 728 4030 Tubarnm
764 3961 973 4031 extremitas
1013 3962 1198 4054 superior,
1240 3981 1303 4030 sen
1342 3959 1435 4031 basis
1477 3963 1558 4031 coni
1594 3965 1754 4056 illarum,
1793 3975 2031 4050 extremitati

435 4119 562 4168 renum
588 4097 752 4167 inferiori
780 4098 944 4186 adjacens
970 4099 1058 4165 milri
1091 4097 1162 4184 jam
1198 4099 1366 4190 apparuit
1398 4099 1635 4188 denticulata,
1676 4103 1751 4190 ejus
1782 4113 2031 4198 separatione

433 4238 547 4324 facta,
573 4247 627 4304 ast
653 4235 776 4304 dentes
802 4233 906 4324 lnp'us
932 4233 1032 4302 limbi
1059 4233 1186 4302 leviter
1211 4233 1393 4324 tinrbriati,
1429 4237 1533 4306 oculo
1560 4261 1632 4307 non
1659 4251 1797 4312 armato
1828 4247 1892 4318 vix
1917 4275 2031 4327 eon.

434 4375 591 4465 spieuae,
619 4373 656 4440 in
682 4370 795 4439 latere
809 4372 949 4438 interno
976 4369 1020 4437 ab
1045 4369 1161 4440 orarii
1187 4372 1414 4440 extremitate
1439 4374 1619 4465 superiori
1644 4399 1717 4445 non
1740 4377 1889 4452 suerunt
1914 4396 2031 4464 avel-

429 4508 579 4598 landae3
603 4510 666 4577 sed
691 4531 774 4578 cum
801 4506 861 4576 illo
888 4518 986 4575 arcte
1012 4508 1214 4576 cohaerent.
1263 4507 1440 4578 Orarium
1465 4511 1534 4579 hoc
1560 4520 1726 4602 tempore-
1751 4513 1828 4586 fere
1852 4521 2029 4610 formam

431 4645 663 4720 vesiculosam
688 4645 860 4718 antherae
887 4643 1103 4740 oblongame
1134 4645 1287 4716 similem
1311 4645 1432 4716 refert.
1483 4647 1526 4716 In
1559 4647 1758 4744 embryone
1784 4663 2027 4746 quantae...
