4390 5710
810 449 1045 515 'ww-1*
1080 423 1100 474 '¹
1134 501 1157 544 Ι,
1356 503 1364 520 ,
1511 439 1517 446 ’
1675 460 1729 556 'pp

31 665 35 730 ὲ
146 677 229 740 eunt
255 668 438 738 deurmtec
456 651 588 758 et'jarn
610 662 802 738 transitum
827 655 1064 730 successivum
1089 647 1418 754 lrypoeadiaeoruiri
1441 643 1570 734 tritine
1608 651 1729 738 electa

31 827 34 866 ῑ
145 803 185 882 in
217 803 530 900 hermaphroditae
554 799 800 898 aphroditicoe
818 795 1042 890 coanguant.

246 1047 474 1192 Weiga'ndue
488 1092 608 1175 virum
626 1099 671 1170 in·
682 1095 974 1170 CentonerLetto
999 1079 1205 1191 Goldibgae
1219 1093 1373 1170 Sileeiae¹
1384 1087 1522 1198 op'pido
1534 1077 1738 1194 degentem*

31 1241 33 1284 ἓ
150 1237 340 1326 deeeribit;
366 1237 574 1330 provectior
598 1235 847 1332 hypospadiee
871 1234 1003 1327 gradus
1017 1234 1077 1304 hic
1100 1257 1228 1308 revera
1242 1248 1423 1337 'tanquam
1435 1239 1597 1312 fabricae
1621 1260 1730 1313 rexu-

145 1373 210 1478 elis
237 1370 437 1444 aberrantia
462 1374 610 1466 epecies,
643 1366 891 1467 praepollente
916 1379 1036 1442 tamen
1062 1370 1210 1463 genitali
1235 1373 1406 1464 marculo,
1442 1375 1572 1446 adduci
1601 1397 1728 1448 mere-

147 1519 222 1582 tur.
271 1507 386 1579 Glaue
408 1499 514 1604 penio*
537 1507 773 1604 imperiorata
796 1507 882 1578 huic
907 1518 1004 1598 erat,
1035 1517 1072 1578 et
1095 1509 1134 1577 in
1159 1507 1265 1597 lnboe
1288 1508 1424 1599 divina,
1460 1509 1608 1582 uretlrra
1633 1535 1728 1608 eup-

150 1653 208 1714 ter
233 1667 389 1738 corpora
415 1614 610 1722 careinoea
636 1647 675 1716 in
700 1645 789 1716 colio
814 1643 890 1714 iere
923 1642 1043 1714 medio
1076 1643 1338 1714 terminabatur
1362 1643 1503 1768 orilicip
1527 1647 1729 1719 carnuculia

31 1781 32 1826 l
151 1779 368 1874 glandularia
394 1783 531 1872 obsito,
564 1783 660 1876 plica
685 1756 849 1870 ontanea,
877 1803 969 1874 quae
995 1779 1082 1850 aliae
1106 1782 1339 1874 praepatium
1364 1782 1568 1874 constituit,
1591 1785 1642 1869 [in
1661 1807 1729 1856 ea-

31 1921 33 1964 ;
152 1915 234 1986 dem
257 1917 409 2012 regione
435 1927 601 1989 contorta
625 1917 723 1988 circa
746 1939 877 2012 penem
905 1924 983 1990 erat
1007 1915 1141 1989 fareiae
1166 1914 1347 2008 adiuntur,
1380 1928 1417 1989 et
1439 1919 1525 1992 licet
1554 1921 1731 1994 metientia

31 2059 33 2102 ³
145 2051 294 2134 ‚duobue
317 2054 419 2144 quasi
446 2053 611 2124 divisit
636 2053 783 2124 raeoie
813 2051 879 2122 aab
904 2053 1008 2146 penis
1031 2053 1155 2124 radice
1186 2051 1484 2146 continebantur,
1519 2055 1558 2125 in
1581 2033 1732 2152 regione

32 2201 33 2240 ³
152 2189 316 2280 perinaei
347 2198 469 2258 tomen
493 2189 587 2256 rima
623 2187 749 2258 aderat
772 2185 877 2262 labiis
909 2187 1173 2260 trurtidiueeulie
1197 2188 1328 2276 cincta,
1353 2189 1509 2282 genitale
1550 2193 1731 2264 muliebre
1862 2200 1874 2214 “

31 2339 33 2380 ff
105 2385 110 2394 .
153 2325 344 2410 simulans,
385 2325 481 2414 quod
504 2333 625 2394 tamen
650 2343 723 2393 non
747 2322 980 2414 penetrabat,
1014 2324 1078 2394 aed
1110 2323 1266 2393 diductio
1287 2321 1399 2394 labris
1421 2349 1532 2398 coeco
1556 2328 1632 2400 fine
1656 2339 1732 2401 ter·
1793 2375 1796 2384 ι

31 2477 32 2520 1
152 2459 367 2534 minabatur.
417 2457 668 2530 Salaciasimua
687 2457 845 2550 interim,
871 2457 956 2531 licet
980 2479 1099 2551 neque
1124 2481 1207 2530 cnm
1232 2479 1350 2530 uxore
1373 2483 1494 2555 neque
1517 2477 1600 2536 eum
1635 2485 1731 2536 cons

31 2619 32 2658 l
155 2599 297 2687 oubina,
325 2615 433 2690 quern
458 2594 565 2685 aluit,
590 2593 723 2664 liberor
745 2595 973 2688 procrearit,
1006 2611 1088 2666 cunr
1113 2605 1259 2689 e'perma
1283 2598 1437 2670 durante
1460 2599 1579 2694 coitu,
1614 2611 1657 2693 tlt
1682 2622 1730 2678 et

152 2735 235 2808 tide
252 2733 444 2806 mulierum
469 2731 612 2803 medico
636 2731 721 2804 date
746 2731 927 2823 comittit,
952 2733 1127 2826 evagina
1151 2731 1381 2827 produxerit.

220 3029 225 3036 '
257 3025 497 3100 Memorabile
522 3047 608 3096 eane
631 3012 879 3122 hypospediae
911 3028 1185 3100 consumatiorie
1217 3027 1441 3124 exempluml
1475 3029 1573 3125 quod
1604 3025 1731 3106 mauiss·

154 3165 245 3240 scito
271 3163 404 3260 probat
433 3161 604 3232 uretlrrae
638 3187 659 3232 a
692 3163 796 3256 penis
828 3161 1024 3256 coporibua
1053 3164 1110 3237 vel
1141 3163 1364 3236 deflectentie
1395 3165 1453 3238 vel
1494 3167 1730 3263 retrogradae

155 3303 311 3399 speciem
344 3295 502 3390 ambigui
536 3298 643 3368 simul
675 3321 783 3368 sexus
813 3297 950 3392 primas
989 3301 1302 3374 notosvcomitari.
1353 3296 1453 3371 Huic
1486 3277 1732 3376 observationi

51 3518 56 3532 ¹
155 3436 303 3509 ornuino
328 3441 567 3505 consentanea
589 3433 651 3503 illa
675 3443 729 3504 est
761 3426 886 3526 qunm'
905 3433 1018 3506 refert
1043 3435 1268 3529 Wallisneri‚
1304 3437 1384 3530 qui,
1409 3437 1494 3550 licet
1518 3449 1642 3530 autor,
1682 3397 1730 3510 ob
1750 3409 1764 3428 ⁸
1861 3509 1866 3518 ,

156 3572 403 3672 praevalentes
427 3591 533 3640 sexus
561 3567 682 3642 virilis·
699 3569 925 3640 characteres
950 3573 990 3642 in
1014 3573 1091 3644 bae·
1112 3571 1323 3666 genitalium
1348 3573 1466 3646 forma
1498 3575 1732 3668 androgynae
1839 3575 1843 3580 “
1940 3579 1944 3592 ”

157 3720 358 3784 structurae
382 3683 537 3798 speciem
570 3707 778 3800 nentiquam
810 3707 1032 3801 auspicetur5
1062 3720 1183 3780 tamen
1215 3694 1361 3800 revera,
1393 3696 1642 3804 bypbepadiae
1666 3708 1730 3780 ul-

156 3845 306 3918 teriores
331 3841 464 3914 formae
489 3852 640 3912 etcum
666 3841 793 3916 iisdem
824 3822 926 3914 dubii
947 3836 1057 3916 berrue
1083 3823 1299 3917 ¹abnormern
1323 3847 1532 3938 genitalium
1555 3845 1738 3920 tebrtcaro·

156 3987 194 4056 in
220 3981 378 4053 medium
402 3977 559 4052 adducit.
608 3976 700 4049 Erat
736 3978 875 4070 juvenis
906 3983 1060 4054 rusticus
1085 4003 1262 4053 annorum
1299 3983 1500 4055 octodecim
1522 4007 1619 4080 pene
1643 3985 1732 4076 qui-

157 4121 240 4194 dem
265 4118 426 4206 dotatus,
454 4113 519 4184 sed
543 4137 566 4184 a
590 4115 725 4187 uertice
751 4116 890 4209 glandia¹
914 4117 959 4190 ed
985 4119 1088 4211 penis
1113 4117 1273 4190 radicem
1296 4143 1409 4214 uaque
1435 4119 1583 4192 uretlrra
1607 4129 1735 4213 aperta

156 4253 326 4353 patebat,
351 4273 424 4326 non
450 4268 550 4324 aeona
575 4273 618 4322 ac
643 4252 673 4322 ei
691 4249 846 4326 inferior
870 4252 976 4344 bujue
1002 4251 1135 4327 canalia
1156 4255 1280 4350 parier
1302 4265 1440 4327 resecta
1463 4255 1599 4332 fuirset.
1651 4253 1734 4326 Tu·

31 4431 32 4436 ,
157 4397 241 4467 nica
266 4387 518 4464 remicanelem
547 4387 741 4462 invertiem
764 4387 1020 4462 totticntomm
1050 4389 1284 4464 rebaceorum
1309 4415 1381 4464 uon
1410 4392 1504 4464 rnria
1527 4389 1646 4484 patuit
1678 4410 1735 4460 or·

159 4529 278 4622 tiolis,
304 4525 412 4618 adeo,
436 4537 477 4599 ut
502 4525 547 4600 da
574 4522 845 4600 continuatione
874 4524 980 4620 hujus
1012 4528 1244 4604 membranae
1268 4530 1433 4600 internae
1457 4526 1629 4600 urethrae
1659 4525 1737 4598 du-

160 4671 279 4744 bitare
302 4663 377 4740 noir
401 4671 576 4764 poterat·
604 4663 663 4742 Aa
686 4635 791 4763 ponii
814 4665 970 4740 radicem
997 4679 1168 4764 apertura
1193 4678 1271 4741 erat
1296 4667 1437 4742 vulvam
1461 4663 1620 4738 relerene
1645 4664 1739 4735 dne·
