4390 5710
468 475 513 562 epo
1156 467 1224 507 s!
1231 465 1371 508 tw

468 667 567 734 nium
594 656 768 729 canalium
795 655 890 748 pelri
918 655 1185 723 excurrentium
1212 653 1315 722 simul
1342 663 1511 747 apparet,
1546 663 1582 722 et
1608 679 1653 723 ex
1680 677 1722 725 ea
1749 660 1849 749 quasi
1873 657 2055 728 formatio

466 801 665 896 genitilium
691 794 888 888 perfectior
913 792 1058 860 taudem
1082 793 1215 882 prodit.

564 1091 747 1168 Genitalia
775 1111 855 1156 cum
892 1095 969 1155 t'oto
1005 1096 1199 1176 systemate
1230 1111 1297 1156 uro
1324 1089 1468 1180 po'e'tico
1494 1088 1530 1157 in
1564 1090 1683 1181 prima
1709 1088 1925 1159 formatione
1953 1092 2053 1159 adeo

464 1249 562 1309 arcte
590 1234 801 1323 coluter-ent,
830 1237 868 1291 ut
893 1235 1087 1313 utrumque
1120 1249 1231 1294 rmum
1258 1239 1300 1293 et
1326 1227 1421 1292 idem
1448 1236 1585 1292 tantum
1614 1250 1657 1292 eo
1696 1239 1859 1319 tempore
1891 1228 2050 1297 reserat.

464 1377 583 1445 Renes
617 1366 742 1434 eodeni
778 1365 856 1430 loco
888 1385 928 1428 ac
967 1362 1134 1452 genitalia
1169 1370 1324 1454 primum
1359 1373 1553 1452 apparent,
1593 1373 1629 1428 et
1663 1387 1682 1430 e
1717 1365 1897 1432 communi
1925 1389 2048 1433 massa

462 1535 542 1582 curn
574 1501 744 1574 testiculis
781 1501 981 1590 prodeunt,
1026 1502 1164 1567 vesicae
1198 1498 1380 1565 urinariae
1420 1521 1490 1587 ope
1524 1497 1678 1566 urachus
1710 1523 1791 1566 cum
1826 1501 2045 1593 genitalibus

461 1643 708 1734 conjungitur3
735 1635 930 1700 substantia
959 1637 994 1701 in
1022 1647 1176 1726 utroque
1203 1642 1397 1724 systemate
1421 1634 1568 1718 eadem,
1602 1635 1747 1702 eaedem
1775 1636 1934 1723 formae,
1967 1660 2047 1706 una

459 1785 613 1872 denique
649 1783 817 1863 apertura
857 1777 1044 1860 utriusque
1084 1774 1221 1838 exitum
1264 1771 1411 1852 lormat3
1455 1781 1615 1836 ureteras
1656 1774 1853 1861 ungimini
1896 1774 2045 1841 orilicio

460 1915 622 1990 inferiori
659 1909 835 1977 terminati
864 1909 898 1969 in
923 1907 1013 1996 plica
1043 1908 1209 1995 quadam,
1238 1930 1258 1972 a
1289 1906 1419 1971 tunicis
1452 1906 1588 1970 vesicae
1616 1919 1675 1972 aut
1702 1908 1844 1976 cloacae
1869 1908 2042 1995 sorrrrata,

459 2066 613 2141 exeunt,
641 2059 676 2116 et
705 2045 848 2135 quidem
875 2053 974 2109 recta
1003 2043 1060 2110 ria
1085 2043 1122 2110 in
1149 2043 1306 2109 cloacam
1333 2042 1501 2126 tendunt,
1530 2052 1589 2108 aut
1616 2054 1720 2111 antea
1747 2045 2044 2112 intumescentiae

458 2199 567 2266 immo
602 2211 688 2258 vero
725 2181 860 2248 vesicas
893 2179 1059 2247 sormunt.
1114 2179 1175 2246 [ti
1211 2180 1250 2243 in
1291 2177 1465 2267 anguibus
1497 2179 1548 2245 ita
1579 2172 1616 2245 t'n
1645 2182 1741 2249 ranis
1779 2183 1872 2248 duae
1904 2181 2041 2250 adsunt

458 2330 637 2425 perlectae
663 2321 802 2389 vesicae
828 2317 1027 2401 urinariae,
1053 2318 1090 2382 in
1117 2315 1295 2382 testudine
1321 2336 1392 2378 una
1419 2323 1570 2398 tantum,
1598 2319 1660 2387 sed
1688 2317 1827 2386 duobus
1853 2318 2037 2386 cornubus

459 2471 648 2546 instructa,
682 2455 775 2522 uteri
802 2452 957 2518 bicornis
983 2452 1114 2538 instar3
1148 2451 1263 2520 resica
1289 2450 1450 2516 urinaria
1476 2451 1631 2541 simplex
1658 2457 1774 2522 oritur
1807 2455 1966 2546 primum
1996 2457 2038 2524 in

456 2605 590 2691 hyrace
616 2592 780 2685 capena,
832 2587 894 2656 ubi
919 2599 1078 2656 aroteres
1102 2587 1252 2654 lundam
1281 2585 1354 2672 ejus
1380 2597 1527 2677 petunt3
1559 2612 1682 2657 saccus
1714 2614 1843 2659 coecus
1883 2591 2034 2663 tandem

454 2742 548 2808 inter
594 2744 753 2802 ureteres
790 2727 930 2796 uesicae
971 2723 1065 2792 collo
1113 2724 1423 2815 appropinguatos
1468 2725 1521 2792 uti
1577 2725 1614 2792 in
1656 2724 1803 2793 homine
1843 2726 2035 2798 lormatur.

454 2874 530 2944 Ubi
557 2873 649 2962 duae
677 2868 807 2936 adsunt
831 2861 970 2932 vesicae
996 2860 1194 2944 annariae,
1219 2882 1265 2926 ex
1291 2857 1492 2927 ureteribus
1518 2858 1734 2948 formantur,
1759 2863 1821 2930 ubi
1848 2887 1919 2932 una
1945 2875 2036 2936 tan.

453 3025 541 3099 tum,
572 3032 616 3075 ex
648 3002 793 3071 uraobo.
845 3000 886 3066 ln
930 2999 1074 3066 homine
1108 3010 1144 3066 et
1175 2994 1422 3064 marnmalibus
1462 2996 1580 3063 vesica
1621 2996 1779 3064 urinaria
1812 3024 1859 3066 ex
1893 3002 2031 3070 uraclro

452 3145 615 3230 formari,
644 3137 825 3210 anatomia
851 3136 990 3202 laetalis
1018 3147 1050 3202 et
1079 3133 1309 3226 palliolopica
1342 3134 1580 3218 ‹lernonstra13
1619 3157 1741 3200 omnes
1772 3134 1867 3202 enim
1903 3135 2030 3206 obser-

452 3284 614 3353 rationes
642 3279 677 3341 in
706 3275 903 3358 embryone
929 3271 1112 3334 institutae
1140 3291 1181 3332 eo
1208 3267 1446 3350 corncniunt,
1490 3281 1529 3332 ut
1562 3269 1679 3335 uesica
1717 3270 1837 3359 primo
1863 3281 2028 3366 ternpore

452 3401 696 3486 extensionem
724 3405 847 3484 uraehi
874 3401 1028 3482 reserat,
1067 3400 1212 3489 ejusque
1243 3411 1380 3490 partem
1416 3404 1618 3470 constituat.
1670 3404 1725 3471 Ita
1759 3403 1936 3477 Mekelius
1961 3434 2030 3479 ve-

452 3555 561 3625 sicam
588 3545 784 3616 urinariam
810 3550 923 3608 totam
950 3535 1025 3603 sere
1051 3537 1186 3626 reperit
1213 3539 1249 3603 in
1282 3534 1441 3603 funiculo
1467 3537 1662 3604 umbilicali
1688 3537 1864 3625 jacentem
1890 3543 2029 3637 longis-

451 3691 575 3760 simam
607 3695 642 3753 et
679 3677 942 3756 tenuissimam3
980 3674 1017 3740 in
1047 3673 1171 3764 primis
1203 3673 1410 3762 cnrbryonis
1451 3675 1673 3764 temporibus
1717 3677 1831 3746 resica
1865 3681 2029 3752 urinaria

452 3836 489 3894 et
513 3821 666 3906 uraclrus
691 3829 876 3904 tamquam
903 3833 993 3879 unus
1016 3821 1168 3902 apparet
1193 3811 1326 3879 canalis
1351 3807 1426 3876 lere
1451 3808 1679 3898 cylindricns.

545 4109 612 4186 Ast
637 4132 718 4178 cum
743 4108 780 4173 in
806 4115 935 4174 natura
960 4105 1182 4173 solummodo
1207 4103 1314 4172 unica
1339 4103 1444 4170 datur
1469 4103 1523 4173 vis
1546 4128 1721 4194 generans
1747 4106 1847 4195 cnjus
1873 4115 2025 4182 essentia

451 4256 583 4346 ubique
610 4244 768 4336 aequalis
793 4242 897 4330 latet,
924 4240 1092 4333 cujusque
1117 4243 1295 4334 producta
1321 4240 1462 4308 ratione
1488 4240 1687 4309 formarum
1711 4267 1856 4314 suarum
1881 4256 2023 4318 tanturn

450 4416 516 4488 per
540 4389 680 4457 diversa
707 4401 838 4473 genera
863 4379 1023 4467 variant,
1058 4403 1130 4446 non
1155 4377 1375 4470 impossibile
1399 4377 1539 4446 ridetur
1571 4378 1713 4448 actione
1739 4381 1793 4451 vis
1819 4387 2022 4472 generantis

448 4523 658 4596 universalis
683 4521 891 4587 inconsuete
918 4527 1021 4584 aucta
1048 4528 1110 4585 aut
1134 4518 1304 4608 depressa
1328 4513 1364 4581 in
1390 4537 1461 4582 uno
1494 4513 1653 4585 alterove
1685 4517 1863 4590 individui
1897 4520 2021 4610 cujus-

446 4666 529 4736 dam
554 4657 693 4755 generis
720 4653 808 4723 tales
832 4675 1049 4748 organorum
1073 4653 1273 4725 sesualiurn
1305 4649 1538 4722 alienationes
1565 4651 1755 4742 obvenire,
1788 4655 1921 4748 quibus
1944 4667 2022 4728 tam
