4334 5716
384 766 490 846 ticni
541 754 822 839 determinata
865 779 942 833 sua
980 748 1218 838 decreverit
1265 779 1446 860 organa,
1488 754 1547 834 'sic
1585 750 1806 865 quaelibet
1833 756 1964 868 parti·

387 993 507 1096 cula,
554 992 633 1102 pru
667 984 916 1066 diversitate
945 963 1079 1086 nsua,n
1117 985 1404 1085 necessitate,
1451 981 1504 1064 ad
1549 985 1665 1066 varia
1701 985 1874 1092 negotia
1905 986 1970 1066 in·

385 1223 549 1321 strnue,
579 1215 787 1299 brevioris
816 1213 1111 1323 longiorisque
1141 1213 1381 1326 pervitam
1413 1211 1665 1313 duratione,
1697 1206 1967 1297 differentem

383 1482 408 1534 a
445 1471 601 1531 natura
640 1445 835 1527 obtinuit
877 1440 1022 1552 quoad
1068 1469 1319 1543 numerum‚
1368 1440 1735 1550 magnitudinem,
1781 1437 1970 1550 pondua,

388 1684 542 1780 situm,
591 1677 761 1784 aliaque
802 1669 1009 1752 attributa
1045 1669 1208 1780 legem,
1256 1671 1327 1752 cui
1368 1668 1667 1782 obtemperare
1698 1666 1845 1774 debet,
1889 1669 1972 1748 nisi
2010 1673 2016 1679 “

279 1891 287 1902 l
389 1903 735 1988 extraordinariis
767 1920 810 1982 et
839 1900 1023 1982 insolitis
1054 1898 1253 1982 turbetur
1299 1900 1640 1981 circumstantiis.
1701 1901 1972 2008 argumento

389 2135 520 2239 liujus
552 2134 808 2233 sententiae,
841 2157 930 2240 quo
960 2133 1005 2208 in
1034 2129 1198 2245 aliquas
1230 2128 1424 2210 animalis
1454 2129 1687 2241 praecipue
1719 2146 1863 2208 autem
1892 2122 1973 2206 hu·

360 2366 509 2447 'urani
561 2363 753 2472 eorporis
800 2377 944 2470 partes
992 2375 1328 2456 commentarer,
1385 2354 1554 2436 decrevi
1606 2356 1692 2436 tale
1739 2352 1973 2455 objectum,

397 2589 516 2703 quod
546 2615 636 2669 non
668 2586 809 2669 solum
848 2583 950 2667 huic
982 2613 1006 2662 a
1043 2603 1196 2662 natura
1240 2585 1528 2697 praescriptae
1566 2583 1648 2691 legi
1683 2579 1855 2683 obedit,
1899 2578 1973 2662 sed

397 2817 517 2929 quod
548 2845 625 2901 sua
665 2814 873 2925 dignitate
914 2829 957 2894 et
997 2807 1230 2924 multiplici
1268 2811 1315 2889 in
1352 2837 1486 2918 genus
1523 2809 1766 2890 humanum
1796 2807 1973 2890 salubri·

393 3071 482 3131 tate
512 3074 616 3161 prae
647 3043 825 3126 aliis-ee
862 3037 1158 3144 commendat,
1197 3057 1248 3120 ut
1288 3041 1453 3122 cunctis
1496 3039 1658 3120 viribus
1689 3041 1735 3115 in
1766 3063 1817 3118 eo
1848 3033 1973 3151 perfi-

397 3271 550 3356 ciendo
579 3269 841 3352 laboremus,

497 3581 657 3666 Nullae
693 3577 783 3663 fere
814 3582 1004 3664 existunt
1038 3580 1085 3660 in
1121 3607 1302 3694 corpore
1342 3577 1516 3661 animali
1559 3579 1819 3694 particulae,
1869 3611 1982 3694 quae

399 3836 488 3896 tarn
518 3812 843 3895 memorabilem
875 3810 1070 3894 subirent
1105 3813 1415 3912 mutationem,
1455 3828 1498 3891 et
1530 3840 1641 3921 (puae
1672 3813 1704 3893 si
1734 3812 1979 3945 turbantur,

399 4042 613 4126 erroribus
655 4063 699 4124 et
736 4029 877 4122 dubiis
926 4061 1012 4122 tam
1059 4036 1357 4150 frequentibus
1401 4041 1448 4120 in
1485 4038 1697 4122 medicina
1746 4043 1981 4155 praecipue

403 4273 562 4356 lorensi
586 4301 733 4354 ansam
762 4272 1039 4386 praeberent,
1077 4298 1207 4380 quam
1237 4287 1379 4382 partes
1410 4269 1640 4382 genitales.¹
1690 4270 1881 4380 Ideoque
1912 4298 1985 4380 ge·

399 4507 668 4587 nerationem
710 4525 753 4586 et
790 4498 1390 4610 formationemorganicam
1438 4504 1484 4581 in
1525 4529 1703 4614 genere,
1748 4502 1986 4614 praecipue

404 4735 658 4843 genitalium
688 4737 806 4822 illam
842 4767 921 4854 per
954 4733 1141 4820 diversae
1179 4731 1430 4816 animalium
1470 4729 1622 4815 classes
1658 4729 1881 4843 indagari,
1931 4747 1988 4820 ut
