4334 5716
865 423 1081 469 m
1316 473 1322 480 .
1526 407 1798 496 malr·

266 616 449 706 Quamdiu
473 634 547 688 non
584 605 656 704 ast,
693 633 759 682 cur
785 610 1005 684 activitmem
1030 597 1251 684 e'xeessivam
1287 620 1437 684 naturae
1461 617 1497 686 in
1523 619 1742 720 formatione

166 739 386 846 organorum
409 751 448 820 in
473 771 605 843 genere
628 769 761 842 negare
785 738 983 842 possimus,
1015 749 1077 818 aed
1110 749 1232 842 potius
1256 751 1357 822 varia
1383 752 1549 845 exempla
1575 759 1741 842 existen-j

113 848 124 860 .
163 889 254 956 tiam
277 887 372 956 illius
396 886 571 980 probent,
595 883 734 954 tamdiu
758 883 1031 976 possibilitatem
1065 884 1299 955 simultancae
1330 885 1545 961 evolationis
1572 891 1743 986 duplica-¹
1775 905 1781 910 '

165 991 285 1092 torum
311 1021 530 1108 sexualium,
567 1019 678 1088 immo
704 1027 740 1086 et
772 1017 972 1089 sexualiam
999 1041 1080 1089 cum
1110 1021 1289 1114 oppositis
1320 1021 1587 1094 characteribus
1611 1047 1742 1100 eonce-

163 1159 250 1228 dcre
283 1177 431 1230 necesse
464 1165 526 1226 est.
576 1153 858 1224 Observationes
911 1121 1420 1248 anomaliae-physiologicas
1455 1159 1494 1228 iu
1532 1153 1740 1248 hujusmodi

163 1263 473 1382 disquisitionibus
512 1314 578 1360 nos
616 1289 716 1380 sequi
749 1299 914 1394 oportet,
959 1293 1201 1366 mainiacus
1234 1292 1430 1383 exhibere,
1477 1315 1523 1366 an
1564 1279 1762 1385 ejusmodi*

162 1426 332 1496 formatio
357 1428 484 1518 organi
522 1424 678 1498 cerealis
703 1447 725 1494 a
751 1426 876 1518 regula
906 1395 1060 1496 normali
1086 1427 1272 1496 discedens
1303 1449 1431 1500 revera
1464 1408 1612 1502 effectus
1644 1433 1740 1502 acti-

161 1561 281 1634 vitatis
321 1563 526 1660 excess'ivae
563 1563 659 1632 uisas
688 1559 884 1650 formativi,
915 1583 961 1630 an
991 1585 1091 1632 mere
1123 1563 1283 1656 opiniate
1316 1563 1380 1650 sit,
1419 1587 1461 1633 ao
1479 1567 1602 1657 potius
1633 1537 1741 1638 omne

160 1719 207 1768 ax
243 1695 384 1766 defectu
421 1697 619 1770 activitatis
661 1695 759 1766 nisus
791 1696 976 1768 formativi
1014 1697 1072 1768 vel
1109 1699 1360 1768 tantammodo
1393 1720 1441 1772 ex
1480 1673 1739 1772 commixtione
1868 1747 1870 1755 ·

159 1833 315 1926 quadam
334 1847 486 1902 'casuum
514 1831 704 1903 amborum
727 1831 891 1921 defectus
915 1841 952 1900 et
976 1855 1140 1904 excessus
1155 1834 1272 1924 simul,
1298 1834 1338 1902 id
1362 1846 1427 1926 est,
1453 1857 1501 1906 ex
1520 1835 1739 1908 alienatione

49 2005 85 2072 .-
155 1971 211 2041 ris
237 1967 410 2062 plasticae
433 1967 647 2060 dependeat.
680 1967 915 2036 Solummodo
941 1969 1149 2040 evolutione
1181 1971 1437 2063 ex·utrimque
1474 1972 1545 2072 sibi
1579 1959 1738 2064 appari-J

156 2115 280 2176 torum
305 2086 524 2198 organorum
557 2100 786 2192 genitalium,
822 2123 871 2170 ex
900 2101 1083 2198 activitate
1115 2101 1227 2172 nimia
1258 2077 1314 2175 vis
1342 2103 1562 2194 formatricia
1593 2103 1737 2198 depen-

155 2242 292 2326 dente,
336 2246 373 2306 et
406 2236 444 2304 in
484 2235 657 2308 formatis
701 2235 844 2326 organis
877 2235 1051 2326 oppositis
1086 2237 1194 2307 simul
1225 2259 1369 2330 quoque
1399 2239 1539 2310 functio
1566 2243 1735 2335 opposita

152 2375 274 2448 iocum
298 2371 433 2470 habere
457 2377 593 2462 potest3
627 2370 687 2440 sed
713 2391 942 2462 nequaquam
967 2371 1005 2438 in
1033 2371 1177 2464 organis
1201 2372 1237 2444 vi
1261 2370 1463 2443 formatrici
1489 2375 1645 2448 alienata
1669 2389 1733 2450 aut:
1807 2339 1815 2350 ἱ
1845 2397 1849 2404 ’

153 2509 352 2588 defectiva;
391 2505 451 2574 hic
489 2505 741 2596 vix·tmqaram
773 2526 880 2576 serus
914 2505 1100 2576 character
1124 2517 1345 2599 praepotens
1366 2508 1584 2602 apparebit,
1616 2515 1732 2588 multo

151 2641 387 2716 minuaambo
411 2640 519 2712 simul
545 2649 599 2730 et,
625 2639 840 2734 pleramque
864 2639 1058 2713 alienatum
1083 2642 1199 2712 nisum
1224 2641 1456 2725 formativum
1481 2668 1545 2716 seu
1569 2651 1735 2740 potentia

151 2777 307 2852 naturali
331 2747 560 2845 incedentem
594 2775 873 2865 aphroditismus
906 2756 1179 2846 concomitatur.
1202 2839 1207 2848 ,
1230 2775 1356 2866 Quare
1389 2778 1428 2846 in
1453 2792 1622 2856 accurata
1648 2783 1727 2856 dis-

151 2912 372 3006 judieatione
399 2907 576 2994 ejusmodi
601 2909 813 2980 inno'rmalis
842 2929 906 2978 sen
930 2909 1139 3002 irregularia
1163 2912 1390 2982 formationis
1417 2915 1626 3005 genitalium
1652 2941 1732 2992 orn·

87 3057 93 3062 '
149 3051 212 3122 nia
244 3043 472 3116 considerare
495 3049 672 3132 oportet,
709 3063 803 3132 qaae
834 3042 1078 3112 discernendis
1109 3043 1285 3116 ambobus
1316 3015 1461 3116 sexilrus
1503 3049 1731 3128 inservirent.

148 3185 235 3257 Non
274 3175 405 3250 sufficit
440 3173 691 3247 tautummodo
723 3173 894 3264 genitalia
931 3174 1052 3245 virilia
1087 3187 1123 3244 et
1154 3177 1335 3249 foeminea
1366 3178 1404 3246 in
1436 3187 1532 3250 statu
1566 3155 1655 3256 sano
1692 3203 1735 3264 et

147 3315 303 3394 naturali
334 3311 537 3404 inquirere,
571 3310 667 3380 iuter
700 3331 738 3379 se
767 3309 950 3390 conferre,
988 3319 1025 3377 et
1056 3333 1181 3382 causas
1212 3310 1440 3384 insolitarum
1471 3313 1729 3399 formationum

148 3467 186 3526 et
208 3449 479 3540 deformitatum
504 3445 700 3540 primariae
735 3446 928 3516 activitatis
959 3445 1173 3516 formativae
1205 3445 1413 3540 embryonis
1438 3449 1476 3518 in
1501 3451 1545 3525 iis
1573 3455 1729 3529 obveni..

148 3601 247 3666 entes
280 3605 425 3674 eruere,
478 3584 540 3652 scd
572 3580 788 3676 praecipue,
828 3579 891 3650 abi
922 3583 1064 3654 interna
1097 3583 1299 3674 disquisitio
1335 3583 1455 3666 locum
1493 3603 1566 3658 non
1597 3589 1721 3686 habet,

147 3735 244 3796 totus
268 3721 409 3790 habitus
435 3719 545 3788 maris
569 3740 650 3788 cum
675 3717 738 3786 illo
770 3715 929 3786 mulieris
955 3727 1009 3786 est
1039 3719 1313 3812 comparandas.
1363 3720 1459 3790 Nam
1490 3723 1557 3792 etsi
1590 3748 1726 3822 corpas

146 3857 252 3933 virile
277 3865 314 3926 et
337 3853 557 3923 foemineum
582 3855 677 3923 inter
701 3876 739 3924 se
764 3831 1004 3926 essentialiter
1029 3853 1193 3944 differat,
1226 3862 1348 3925 tamma
1373 3879 1478 3928 serus
1503 3866 1659 3958 utroque
1683 3865 1724 3938 in

147 4005 243 4070 statu
275 3989 433 4062 naturali
464 3987 556 4058 adeo
587 3987 747 4058 diversus
780 3998 951 4082 apparet,
988 3999 1043 4058 ut·
1060 4011 1144 4060 eum
1177 3992 1287 4060 etiam
1312 3992 1390 4062 sine
1422 3995 1632 4098 gepitalium
1657 4001 1722 4082 ira-j

144 4129 328 4228 spectione
351 4124 427 4218 jana
452 4147 499 4196 ex
522 4119 665 4194 habitus
688 4121 906 4196 formatione
936 4125 1095 4220 generali
1118 4127 1238 4234 primo
1270 4140 1454 4204 momento
1480 4129 1634 4202 delinire
1658 4131 1722 4204 faa

147 4269 216 4342 cile
236 4265 360 4360 possis.

241 4447 287 4518 ln
312 4445 407 4516 hunc
431 4443 543 4518 tinem
575 4463 643 4538 per
668 4442 861 4520 decursum
893 4443 1151 4542 disquisitionis
1183 4455 1328 4519 nostrae
1353 4467 1428 4518 non
1451 4453 1594 4520 tantum
1615 4455 1718 4526 mas-

100 4573 112 4582 ’
144 4585 263 4684 catina
287 4591 325 4676 et
346 4579 545 4680 foeminina
568 4579 731 4676 sexuulia
761 4585 1050 4682 comparabimus
1073 4593 1111 4658 st
1141 4585 1279 4680 inquo
1304 4581 1522 4688 convenient
1545 4595 1583 4660 et
1605 4585 1720 4682 dide*

1005 4697 1105 4842 vu
