4390 5710
468 470 518 567 '7ss

469 671 632 762 genitalis
657 673 843 764 primitivo
869 672 1023 744 dicisum
1048 673 1305 764 permanserit3
1346 670 1406 740 sed
1434 692 1476 737 co
1504 669 1619 760 magis
1644 669 1687 738 de
1721 669 1969 762 generationis
1998 668 2075 746 sea-,⁶

471 807 603 878 cultote
629 810 828 883 dubitatur.
881 811 923 879 ln
958 831 1088 901 genere
1122 807 1402 899 hypospadiaeis
1442 805 1504 875 illa
1537 804 1686 876 facultas
1712 830 1757 874 ne
1782 807 1932 876 minime
1969 809 2076 901 qui-·'

468 946 551 1016 (lem
578 957 631 1018 est
656 947 876 1039 deneganda.
925 945 1112 1014 Iluseland
1140 944 1178 1010 in
1205 943 1311 1011 Tom.
1339 943 1384 1013 Il.
1419 943 1525 1012 diarii
1553 944 1606 1010 sui
1633 941 1736 1012 nobis
1763 943 1954 1012 historiam
1984 942 2073 1010 ho·

467 1079 576 1154 urinis
591 1108 612 1150 a
628 1083 930 1152 Schweiclchardo
954 1081 1148 1168 observati,
1174 1081 1281 1171 vulgo
1307 1104 1375 1172 pro
1393 1079 1690 1172 lrermoplrrodito
1708 1079 1882 1170 usquead
1901 1089 2074 1151 aetatem

472 1219 548 1311 ejus
576 1221 623 1309 49
652 1241 733 1291 ann.
760 1218 894 1307 habiti,
921 1230 1055 1287 narrat.
1106 1217 1229 1288 Homo
1261 1219 1381 1309 puella
1409 1217 1627 1308 baptizatus,
1664 1239 1733 1306 qua
1758 1215 1840 1284 talis
1865 1218 2076 1289 vestiturus

474 1365 510 1424 et
534 1355 718 1446 hucusque
744 1375 885 1447 semper
912 1355 1079 1445 creditus,
1107 1378 1202 1424 nunc
1218 1365 1361 1448 praeter
1389 1355 1548 1423 omnium
1576 1352 1785 1446 opinionem
1809 1351 1953 1444 puellae
1983 1377 2008 1423 a
2035 1377 2078 1426 se

471 1491 740 1586 impraegnante
766 1491 872 1585 petiit
900 1513 937 1564 se
962 1490 1112 1567 nubere.

570 1748 616 1820 Iu
641 1747 865 1840 inspectione
890 1746 1027 1816 oculari
1051 1748 1155 1840 penis
1183 1745 1350 1816 flaccidos
1371 1759 1407 1817 et
1430 1747 1654 1840 dependens,
1681 1770 1755 1817 non
1781 1749 1930 1819 omnino
1959 1748 2069 1820 duo·-

472 1904 555 1953 rum
592 1883 765 1976 pollicum
804 1884 1066 1976 longitudinem
1112 1908 1296 1975 aequans,
1343 1885 1447 1954 solita
1493 1884 1782 1955 circumferentia
1823 1885 2067 1978 observatum

473 2019 575 2111 glans
601 2021 839 2112 impersorata
873 2023 1040 2092 deorsum
1071 2021 1274 2111 incurvata3
1315 2021 1425 2090 socies
1456 2019 1607 2090 inferior
1644 2045 1838 2114 corporum
1871 2045 2064 2096 caverno-

416 2178 418 2189 ’
472 2179 594 2228 sorum
620 2157 665 2226 ab
691 2157 841 2228 urethra
869 2157 1071 2246 denudata3
1098 2157 1237 2226 interea
1268 2156 1308 2226 in
1339 2156 1436 2225 illius
1470 2157 1590 2226 medio
1623 2158 1740 2230 sulcus
1776 2163 1958 2251 excurrit,
1997 2183 2065 2231 ro-

474 2302 634 2370 trorsum
660 2295 724 2364 sub
749 2295 871 2364 radice
896 2296 999 2387 penis
1024 2295 1062 2365 in
1088 2294 1267 2385 superiori
1294 2293 1366 2362 fine
1399 2297 1509 2362 scroti
1542 2292 1705 2364 foramen
1732 2297 1834 2369 orale
1860 2297 1899 2368 in
1933 2298 2065 2370 dirce«
2145 2329 2146 2346 ¹

477 2430 577 2502 tione
602 2428 818 2498 horizontali
843 2430 1014 2497 urethrae
1045 2430 1272 2499 musculosae
1304 2454 1366 2499 seu
1398 2431 1610 2522 posterioris
1647 2431 1722 2521 ejus
1755 2436 1869 2525 partis
1901 2446 2063 2527 opertu-

478 2589 556 2636 ram
583 2565 736 2653 iudicat,
799 2589 845 2633 ua
870 2565 975 2632 urina
1006 2567 1044 2631 in
1079 2566 1187 2634 simili
1219 2567 1416 2636 directione
1459 2567 1676 2638 lrorizoutali
1708 2594 1727 2638 e
1770 2594 1864 2661 pene
1909 2573 2064 2643 suffulto

385 2778 390 2786 ‚
477 2701 631 2798 prosilit,
658 2701 755 2770 etin
781 2699 875 2770 facie
899 2701 1073 2770 anteriori
1095 2700 1233 2794 glandis
1257 2724 1381 2772 arcum
1396 2701 1555 2774 formans
1583 2706 1777 2775 descendit.
1824 2708 2001 2778 Scrotum
2027 2715 2065 2779 in

475 2839 589 2912 latero
614 2840 744 2908 dextro
777 2847 918 2906 tantum
957 2837 1161 2906 testiculum
1196 2838 1365 2906 continet.
1416 2840 1533 2910 Totus
1566 2839 1708 2910 habitus
1742 2843 1902 2936 reliquus
1938 2849 2068 2920 virum.

470 2977 596 3064 teotit3
627 2976 777 3044 maritus
798 2987 926 3067 postea
951 2975 1046 3042 intra
1072 2983 1155 3043 octo
1187 2997 1363 3060 annorum
1390 2979 1544 3067 spatium
1581 2977 1697 3046 adhuc
1723 2981 1812 3050 duas
1846 2982 1990 3074 puellas
2017 3007 2065 3053 ex

472 3111 647 3184 omnibus
671 3111 837 3205 partibus
870 3109 960 3180 bene
995 3110 1190 3202 formatos,
1223 3113 1416 3203 progenuit
1426 3138 1435 3200 3
1476 3111 1593 3183 iulans
1624 3113 1810 3207 illegitima
1851 3129 1972 3189 autem
2010 3131 2068 3190 est

479 3259 635 3319 mortua.

579 3478 759 3550 Fabricae
786 3501 832 3548 ex
858 3477 983 3547 habitu
1005 3479 1101 3552 virili
1135 3481 1169 3546 iu
1201 3479 1418 3553 foemineum
1445 3483 1666 3556 deflectentis
1701 3494 1886 3587 exemplar
1913 3495 2065 3566 adducit

481 3613 643 3690 Riedlin.
693 3614 768 3684 Sub
796 3615 903 3685 finem
931 3619 1015 3685 anni
1049 3641 1138 3707 ¹7⁰7
1178 3630 1281 3687 natus
1311 3621 1386 3716 'soit
1421 3622 1538 3692 iulans
1572 3624 1719 3715 Ulmae,
1760 3632 1820 3718 qui
1853 3631 1938 3700 licet
1973 3659 2066 3727 per·

478 3753 600 3826 forato
625 3773 717 3843 pene
744 3750 939 3822 instructus
963 3751 1091 3844 suerit,
1125 3754 1190 3824 sub
1218 3758 1345 3826 eodem
1371 3769 1489 3828 tamen
1517 3764 1730 3835 monstrarit
1754 3765 1867 3857 plicas
1892 3780 2070 3842 cutaueos

482 3892 522 3960 in
547 3889 662 3956 rimae
686 3884 840 3956 sormam
867 3887 932 3956 sibi
961 3890 1161 3981 adpositas,
1203 3896 1247 3962 ad
1277 3917 1427 3984 quarum
1461 3895 1552 3964 lotus
1584 3899 1763 3969 orificium
1798 3903 1962 3974 exstabat
1995 3933 2069 3999 per

483 4024 584 4126 quod
615 4045 740 4091 cereus
781 4044 800 4091 α
838 4024 1007 4114 pollicum
1047 4027 1171 4117 longus
1206 4031 1350 4097 immitti
1382 4035 1511 4122 potuit.
1563 4034 1751 4105 Fabricius
1785 4038 1827 4108 ab
1855 4031 2065 4136 dquapen·

428 4221 429 4224 ,
480 4165 591 4234 dente
615 4181 757 4251 quoquc
783 4161 847 4226 sub
880 4159 1050 4254 perlectis
1074 4164 1143 4234 viri
1176 4166 1388 4256 genitalibus
1429 4171 1537 4240 cuuui
1569 4173 1755 4247 muliebris
1793 4149 1948 4251 [minam
1982 4186 2065 4256 sine

482 4299 602 4398 aliqua
627 4307 748 4366 tamen
775 4297 926 4372 cavitate
956 4298 1056 4372 vidit.

582 4531 770 4605 Historiae
810 4541 999 4628 sequentes
1034 4537 1250 4634 plerumque
1291 4563 1337 4614 ex
1373 4570 1483 4640 opere
1517 4544 1665 4621 classico
1691 4549 1786 4626 Clar.
1820 4548 2064 4632 Alennenni:

488 4669 707 4744 Historia
744 4669 939 4746 infantis
979 4671 1232 4772 androgyni
1272 4707 1366 4755 cum
1405 4681 1737 4784 ichnographia
1778 4693 1919 4769 Jenoe
1964 4699 2064 4772 1803
