<?xml version="1.0" encoding="UTF-8"?>
<!DOCTYPE html PUBLIC "-//W3C//DTD XHTML 1.0 Transitional//EN"
    "http://www.w3.org/TR/xhtml1/DTD/xhtml1-transitional.dtd">
<html xmlns="http://www.w3.org/1999/xhtml" xml:lang="en" lang="en">
 <head>
  <title>
</title>
<meta http-equiv="Content-Type" content="text/html;charset=utf-8" />
  <meta name='ocr-system' content='tesseract 3.04.00' />
  <meta name='ocr-capabilities' content='ocr_page ocr_carea ocr_par ocr_line ocrx_word'/>
</head>
<body>
  <div class='ocr_page' id='page_1' title='image "./dehermaphrodito00steggoog_0087.png"; bbox 0 0 4390 5710; ppageno 0'>
   <div class='ocr_carea' id='block_1_1' title="bbox 454 469 1347 557">
    <p class='ocr_par' dir='ltr' id='par_1_1' title="bbox 454 469 1347 557">
     <span class='ocr_line' id='line_1_1' title="bbox 454 469 1347 557; baseline -0.001 -40"><span class='ocrx_word' id='word_1_1' title='bbox 454 469 501 557; x_wconf 71' lang='lat'>74</span> <span class='ocrx_word' id='word_1_2' title='bbox 1133 475 1347 517; x_wconf 59' lang='lat' dir='ltr'>‘tw</span> 
     </span>
    </p>
   </div>
   <div class='ocr_carea' id='block_1_2' title="bbox 455 659 2065 1439">
    <p class='ocr_par' dir='ltr' id='par_1_2' title="bbox 455 659 2065 1439">
     <span class='ocr_line' id='line_1_2' title="bbox 455 659 2057 734; baseline -0.001 -4"><span class='ocrx_word' id='word_1_3' title='bbox 455 669 584 732; x_wconf 85' lang='lat' dir='ltr'>teratio</span> <span class='ocrx_word' id='word_1_4' title='bbox 612 664 839 734; x_wconf 79' lang='lat' dir='ltr'>formationis</span> <span class='ocrx_word' id='word_1_5' title='bbox 867 661 1048 732; x_wconf 80' lang='lat' dir='ltr'>interioris</span> <span class='ocrx_word' id='word_1_6' title='bbox 1074 671 1194 730; x_wconf 90' lang='lat' dir='ltr'>autem</span> <span class='ocrx_word' id='word_1_7' title='bbox 1220 684 1293 730; x_wconf 88' lang='lat' dir='ltr'>non</span> <span class='ocrx_word' id='word_1_8' title='bbox 1321 663 1364 730; x_wconf 87' lang='lat' dir='ltr'>ad</span> <span class='ocrx_word' id='word_1_9' title='bbox 1398 661 1583 730; x_wconf 74' lang='lat' dir='ltr'>essentiam</span> <span class='ocrx_word' id='word_1_10' title='bbox 1612 661 1675 728; x_wconf 91' lang='lat' dir='ltr'>sed</span> <span class='ocrx_word' id='word_1_11' title='bbox 1701 669 1841 728; x_wconf 90' lang='lat' dir='ltr'>tantum</span> <span class='ocrx_word' id='word_1_12' title='bbox 1869 659 1917 727; x_wconf 88' lang='lat' dir='ltr'>ad</span> <span class='ocrx_word' id='word_1_13' title='bbox 1942 659 2057 728; x_wconf 89' lang='lat' dir='ltr'>illius</span> 
     </span>
     <span class='ocr_line' id='line_1_3' title="bbox 455 795 2056 888; baseline -0.002 -21"><span class='ocrx_word' id='word_1_14' title='bbox 455 801 589 870; x_wconf 87' lang='lat' dir='ltr'>formas</span> <span class='ocrx_word' id='word_1_15' title='bbox 614 827 689 870; x_wconf 86' lang='lat' dir='ltr'>sese</span> <span class='ocrx_word' id='word_1_16' title='bbox 719 802 899 888; x_wconf 80' lang='lat' dir='ltr'>extendit,</span> <span class='ocrx_word' id='word_1_17' title='bbox 927 813 964 870; x_wconf 90' lang='lat' dir='ltr'>et</span> <span class='ocrx_word' id='word_1_18' title='bbox 989 801 1096 869; x_wconf 86' lang='lat' dir='ltr'>thesis</span> <span class='ocrx_word' id='word_1_19' title='bbox 1123 799 1199 866; x_wconf 85' lang='lat' dir='ltr'>illa:</span> <span class='ocrx_word' id='word_1_20' title='bbox 1233 799 1262 866; x_wconf 86' lang='lat' dir='ltr'>F</span> <span class='ocrx_word' id='word_1_21' title='bbox 1273 799 1407 866; x_wconf 69' lang='lat' dir='ltr'>ottus</span> <span class='ocrx_word' id='word_1_22' title='bbox 1433 800 1652 867; x_wconf 84' lang='lat' dir='ltr'>humanus</span> <span class='ocrx_word' id='word_1_23' title='bbox 1685 801 1729 866; x_wconf 93' lang='lat' dir='ltr'>in</span> <span class='ocrx_word' id='word_1_24' title='bbox 1756 821 1835 866; x_wconf 87' lang='lat' dir='ltr'>sua</span> <span class='ocrx_word' id='word_1_25' title='bbox 1867 795 2056 864; x_wconf 78' lang='lat' dir='ltr'>forma-</span> 
     </span>
     <span class='ocr_line' id='line_1_4' title="bbox 455 931 2061 1032; baseline -0.002 -27"><span class='ocrx_word' id='word_1_26' title='bbox 455 937 584 1006; x_wconf 86' lang='lat' dir='ltr'>tione</span> <span class='ocrx_word' id='word_1_27' title='bbox 611 963 691 1032; x_wconf 85' lang='lat' dir='ltr'>per</span> <span class='ocrx_word' id='word_1_28' title='bbox 716 947 992 1005; x_wconf 74' lang='lat' dir='ltr'>structuram</span> <span class='ocrx_word' id='word_1_29' title='bbox 1019 948 1061 1004; x_wconf 88' lang='lat' dir='ltr'>et</span> <span class='ocrx_word' id='word_1_30' title='bbox 1088 937 1412 1004; x_wconf 82' lang='lat' dir='ltr'>formationem</span> <span class='ocrx_word' id='word_1_31' title='bbox 1440 937 1745 1029; x_wconf 88' lang='lat' dir='ltr'>plurimarum</span> <span class='ocrx_word' id='word_1_32' title='bbox 1772 931 2061 1004; x_wconf 87' lang='lat' dir='ltr'>animalium</span> 
     </span>
     <span class='ocr_line' id='line_1_5' title="bbox 458 1072 2063 1154; baseline -0.003 -14"><span class='ocrx_word' id='word_1_33' title='bbox 458 1073 735 1143; x_wconf 87' lang='lat' dir='ltr'>inferiorum</span> <span class='ocrx_word' id='word_1_34' title='bbox 763 1075 980 1142; x_wconf 87' lang='lat' dir='ltr'>classium</span> <span class='ocrx_word' id='word_1_35' title='bbox 1008 1075 1052 1141; x_wconf 93' lang='lat' dir='ltr'>iu</span> <span class='ocrx_word' id='word_1_36' title='bbox 1079 1072 1281 1142; x_wconf 82' lang='lat' dir='ltr'>essentia</span> <span class='ocrx_word' id='word_1_37' title='bbox 1307 1075 1500 1142; x_wconf 78' lang='lat' dir='ltr'>transit:</span> <span class='ocrx_word' id='word_1_38' title='bbox 1543 1072 1694 1139; x_wconf 87' lang='lat' dir='ltr'>nimium</span> <span class='ocrx_word' id='word_1_39' title='bbox 1727 1082 1780 1137; x_wconf 83' lang='lat' dir='ltr'>est</span> <span class='ocrx_word' id='word_1_40' title='bbox 1805 1080 1982 1154; x_wconf 82' lang='lat' dir='ltr'>extensa,</span> <span class='ocrx_word' id='word_1_41' title='bbox 2019 1078 2063 1136; x_wconf 88' lang='lat' dir='ltr'>et</span> 
     </span>
     <span class='ocr_line' id='line_1_6' title="bbox 462 1203 2065 1300; baseline -0.004 -22"><span class='ocrx_word' id='word_1_42' title='bbox 462 1211 507 1278; x_wconf 87' lang='lat' dir='ltr'>ad</span> <span class='ocrx_word' id='word_1_43' title='bbox 533 1211 789 1278; x_wconf 81' lang='lat' dir='ltr'>formationem</span> <span class='ocrx_word' id='word_1_44' title='bbox 811 1209 999 1300; x_wconf 79' lang='lat' dir='ltr'>analogum</span> <span class='ocrx_word' id='word_1_45' title='bbox 1028 1210 1146 1300; x_wconf 90' lang='lat' dir='ltr'>quoad</span> <span class='ocrx_word' id='word_1_46' title='bbox 1178 1207 1310 1276; x_wconf 87' lang='lat' dir='ltr'>sorrnas</span> <span class='ocrx_word' id='word_1_47' title='bbox 1336 1211 1493 1299; x_wconf 87' lang='lat' dir='ltr'>similes,</span> <span class='ocrx_word' id='word_1_48' title='bbox 1530 1203 1743 1276; x_wconf 88' lang='lat' dir='ltr'>aninialibus</span> <span class='ocrx_word' id='word_1_49' title='bbox 1779 1203 2065 1274; x_wconf 75' lang='lat' dir='ltr'>illarumclas·</span> 
     </span>
     <span class='ocr_line' id='line_1_7' title="bbox 464 1342 2061 1439; baseline 0 -29"><span class='ocrx_word' id='word_1_50' title='bbox 464 1346 555 1414; x_wconf 86' lang='lat' dir='ltr'>sium</span> <span class='ocrx_word' id='word_1_51' title='bbox 583 1349 906 1439; x_wconf 75' lang='lat' dir='ltr'>correspondentes</span> <span class='ocrx_word' id='word_1_52' title='bbox 934 1347 1102 1438; x_wconf 82' lang='lat' dir='ltr'>restringi</span> <span class='ocrx_word' id='word_1_53' title='bbox 1127 1346 1252 1432; x_wconf 80' lang='lat' dir='ltr'>dehet3</span> <span class='ocrx_word' id='word_1_54' title='bbox 1286 1347 1371 1413; x_wconf 89' lang='lat' dir='ltr'>alias</span> <span class='ocrx_word' id='word_1_55' title='bbox 1396 1348 1598 1414; x_wconf 86' lang='lat' dir='ltr'>animarum</span> <span class='ocrx_word' id='word_1_56' title='bbox 1624 1342 1925 1435; x_wconf 81' lang='lat' dir='ltr'>peregrinationis</span> <span class='ocrx_word' id='word_1_57' title='bbox 1950 1342 2061 1430; x_wconf 85' lang='lat' dir='ltr'>idea,</span> 
     </span>
    </p>
   </div>
   <div class='ocr_carea' id='block_1_3' title="bbox 465 1476 2061 1573">
    <p class='ocr_par' dir='ltr' id='par_1_3' title="bbox 465 1476 2061 1573">
     <span class='ocr_line' id='line_1_8' title="bbox 465 1476 2061 1573; baseline -0.002 -26"><span class='ocrx_word' id='word_1_58' title='bbox 465 1481 502 1548; x_wconf 91' lang='lat' dir='ltr'>in</span> <span class='ocrx_word' id='word_1_59' title='bbox 530 1481 600 1548; x_wconf 83' lang='lat' dir='ltr'>alia</span> <span class='ocrx_word' id='word_1_60' title='bbox 630 1485 748 1552; x_wconf 83' lang='lat' dir='ltr'>{orma</span> <span class='ocrx_word' id='word_1_61' title='bbox 774 1494 932 1568; x_wconf 83' lang='lat' dir='ltr'>tanturn,</span> <span class='ocrx_word' id='word_1_62' title='bbox 962 1484 1163 1550; x_wconf 82' lang='lat' dir='ltr'>reiteratur.</span> <span class='ocrx_word' id='word_1_63' title='bbox 1214 1484 1278 1550; x_wconf 84' lang='lat' dir='ltr'>Ast</span> <span class='ocrx_word' id='word_1_64' title='bbox 1304 1484 1384 1552; x_wconf 87' lang='lat' dir='ltr'>idea</span> <span class='ocrx_word' id='word_1_65' title='bbox 1410 1495 1463 1550; x_wconf 88' lang='lat' dir='ltr'>est</span> <span class='ocrx_word' id='word_1_66' title='bbox 1489 1495 1703 1573; x_wconf 86' lang='lat' dir='ltr'>permaneus</span> <span class='ocrx_word' id='word_1_67' title='bbox 1729 1489 1763 1547; x_wconf 89' lang='lat' dir='ltr'>et</span> <span class='ocrx_word' id='word_1_68' title='bbox 1788 1489 1953 1566; x_wconf 85' lang='lat' dir='ltr'>aeterna,</span> <span class='ocrx_word' id='word_1_69' title='bbox 1986 1476 2061 1545; x_wconf 87' lang='lat' dir='ltr'>etsi</span> 
     </span>
    </p>
   </div>
   <div class='ocr_carea' id='block_1_4' title="bbox 377 1607 2063 1710">
    <p class='ocr_par' dir='ltr' id='par_1_4' title="bbox 377 1607 2063 1710">
     <span class='ocr_line' id='line_1_9' title="bbox 377 1607 2063 1710; baseline -0.001 -26"><span class='ocrx_word' id='word_1_70' title='bbox 377 1607 378 1612; x_wconf 8' lang='grc' dir='ltr'>ἵ</span> <span class='ocrx_word' id='word_1_71' title='bbox 464 1617 583 1686; x_wconf 83' lang='lat' dir='ltr'>forma</span> <span class='ocrx_word' id='word_1_72' title='bbox 610 1633 789 1708; x_wconf 79' lang='lat' dir='ltr'>mutetur3</span> <span class='ocrx_word' id='word_1_73' title='bbox 836 1633 1023 1689; x_wconf 89' lang='lat' dir='ltr'>aeternum</span> <span class='ocrx_word' id='word_1_74' title='bbox 1048 1643 1193 1710; x_wconf 84' lang='lat' dir='ltr'>quoque</span> <span class='ocrx_word' id='word_1_75' title='bbox 1242 1630 1295 1687; x_wconf 88' lang='lat' dir='ltr'>est</span> <span class='ocrx_word' id='word_1_76' title='bbox 1328 1623 1480 1688; x_wconf 82' lang='lat' dir='ltr'>essentia</span> <span class='ocrx_word' id='word_1_77' title='bbox 1524 1617 1802 1706; x_wconf 68' lang='lat' dir='ltr'>uniuscujusque</span> <span class='ocrx_word' id='word_1_78' title='bbox 1840 1616 1916 1699; x_wconf 79' lang='lat' dir='ltr'>rei,</span> <span class='ocrx_word' id='word_1_79' title='bbox 1967 1613 2063 1682; x_wconf 88' lang='lat' dir='ltr'>ideo</span> 
     </span>
    </p>
   </div>
   <div class='ocr_carea' id='block_1_5' title="bbox 413 1739 2061 1847">
    <p class='ocr_par' dir='ltr' id='par_1_5' title="bbox 413 1739 2061 1847">
     <span class='ocr_line' id='line_1_10' title="bbox 413 1739 2061 1847; baseline -0.001 -27"><span class='ocrx_word' id='word_1_80' title='bbox 413 1739 416 1760; x_wconf 68' lang='lat'><strong>¹</strong></span> <span class='ocrx_word' id='word_1_81' title='bbox 468 1755 576 1821; x_wconf 87' lang='lat' dir='ltr'>etiam</span> <span class='ocrx_word' id='word_1_82' title='bbox 608 1779 783 1846; x_wconf 84' lang='lat' dir='ltr'>generum</span> <span class='ocrx_word' id='word_1_83' title='bbox 829 1757 1078 1826; x_wconf 87' lang='lat' dir='ltr'>aniruantium.</span> <span class='ocrx_word' id='word_1_84' title='bbox 1128 1756 1266 1824; x_wconf 84' lang='lat' dir='ltr'>Fo&#39;e&#39;tus</span> <span class='ocrx_word' id='word_1_85' title='bbox 1305 1756 1480 1825; x_wconf 90' lang='lat' dir='ltr'>humanus</span> <span class='ocrx_word' id='word_1_86' title='bbox 1512 1758 1549 1824; x_wconf 92' lang='lat' dir='ltr'>in</span> <span class='ocrx_word' id='word_1_87' title='bbox 1583 1776 1794 1847; x_wconf 88' lang='lat' dir='ltr'>quacunque</span> <span class='ocrx_word' id='word_1_88' title='bbox 1831 1749 2061 1820; x_wconf 74' lang='lat' dir='ltr'>evolationis</span> 
     </span>
    </p>
   </div>
   <div class='ocr_carea' id='block_1_6' title="bbox 471 1887 2065 1986">
    <p class='ocr_par' dir='ltr' id='par_1_6' title="bbox 471 1887 2065 1986">
     <span class='ocr_line' id='line_1_11' title="bbox 471 1887 2065 1986; baseline -0.001 -29"><span class='ocrx_word' id='word_1_89' title='bbox 471 1913 556 1957; x_wconf 87' lang='lat' dir='ltr'>suae</span> <span class='ocrx_word' id='word_1_90' title='bbox 581 1892 734 1982; x_wconf 83' lang='lat' dir='ltr'>periodo</span> <span class='ocrx_word' id='word_1_91' title='bbox 757 1903 809 1960; x_wconf 87' lang='lat' dir='ltr'>est</span> <span class='ocrx_word' id='word_1_92' title='bbox 832 1893 1028 1980; x_wconf 88' lang='lat' dir='ltr'>humanus,</span> <span class='ocrx_word' id='word_1_93' title='bbox 1055 1895 1121 1960; x_wconf 90' lang='lat' dir='ltr'>etsi</span> <span class='ocrx_word' id='word_1_94' title='bbox 1148 1895 1264 1960; x_wconf 89' lang='lat' dir='ltr'>forma</span> <span class='ocrx_word' id='word_1_95' title='bbox 1290 1896 1398 1963; x_wconf 90' lang='lat' dir='ltr'>modo</span> <span class='ocrx_word' id='word_1_96' title='bbox 1423 1897 1536 1986; x_wconf 86' lang='lat' dir='ltr'>magis</span> <span class='ocrx_word' id='word_1_97' title='bbox 1563 1893 1671 1962; x_wconf 92' lang='lat' dir='ltr'>modo</span> <span class='ocrx_word' id='word_1_98' title='bbox 1697 1891 1814 1962; x_wconf 87' lang='lat' dir='ltr'>minus</span> <span class='ocrx_word' id='word_1_99' title='bbox 1838 1887 2065 1957; x_wconf 77' lang='lat' dir='ltr'>animalibus</span> 
     </span>
    </p>
   </div>
   <div class='ocr_carea' id='block_1_7' title="bbox 471 2026 1170 2100">
    <p class='ocr_par' dir='ltr' id='par_1_7' title="bbox 471 2026 1170 2100">
     <span class='ocr_line' id='line_1_12' title="bbox 471 2026 1170 2100; baseline 0.01 -10"><span class='ocrx_word' id='word_1_100' title='bbox 471 2026 577 2095; x_wconf 89' lang='lat' dir='ltr'>unius</span> <span class='ocrx_word' id='word_1_101' title='bbox 603 2027 794 2100; x_wconf 79' lang='lat' dir='ltr'>alteriusve</span> <span class='ocrx_word' id='word_1_102' title='bbox 820 2029 940 2099; x_wconf 85' lang='lat' dir='ltr'>classis</span> <span class='ocrx_word' id='word_1_103' title='bbox 965 2030 1090 2099; x_wconf 89' lang='lat' dir='ltr'>similis</span> <span class='ocrx_word' id='word_1_104' title='bbox 1113 2032 1170 2099; x_wconf 86' lang='lat' dir='ltr'>sit.</span> 
     </span>
    </p>
   </div>
   <div class='ocr_carea' id='block_1_8' title="bbox 476 2320 2074 3648">
    <p class='ocr_par' dir='ltr' id='par_1_8' title="bbox 476 2320 2074 3648">
     <span class='ocr_line' id='line_1_13' title="bbox 572 2320 2063 2418; baseline -0.004 -25"><span class='ocrx_word' id='word_1_105' title='bbox 572 2323 716 2394; x_wconf 85' lang='lat' dir='ltr'>Divisio</span> <span class='ocrx_word' id='word_1_106' title='bbox 742 2348 961 2414; x_wconf 77' lang='lat' dir='ltr'>organorum</span> <span class='ocrx_word' id='word_1_107' title='bbox 988 2350 1094 2398; x_wconf 81' lang='lat' dir='ltr'>sexus</span> <span class='ocrx_word' id='word_1_108' title='bbox 1120 2327 1158 2395; x_wconf 93' lang='lat' dir='ltr'>in</span> <span class='ocrx_word' id='word_1_109' title='bbox 1184 2327 1257 2395; x_wconf 91' lang='lat' dir='ltr'>duo</span> <span class='ocrx_word' id='word_1_110' title='bbox 1282 2326 1471 2399; x_wconf 87' lang='lat' dir='ltr'>individua</span> <span class='ocrx_word' id='word_1_111' title='bbox 1489 2327 1582 2418; x_wconf 88' lang='lat' dir='ltr'>polis</span> <span class='ocrx_word' id='word_1_112' title='bbox 1605 2323 1779 2417; x_wconf 90' lang='lat' dir='ltr'>oppositis</span> <span class='ocrx_word' id='word_1_113' title='bbox 1796 2322 1840 2392; x_wconf 89' lang='lat' dir='ltr'>ad</span> <span class='ocrx_word' id='word_1_114' title='bbox 1864 2320 2063 2390; x_wconf 85' lang='lat' dir='ltr'>essentiam</span> 
     </span>
     <span class='ocr_line' id='line_1_14' title="bbox 476 2455 2064 2568; baseline -0.003 -40"><span class='ocrx_word' id='word_1_115' title='bbox 476 2461 617 2551; x_wconf 81' lang='lat' dir='ltr'>generis</span> <span class='ocrx_word' id='word_1_116' title='bbox 644 2460 796 2530; x_wconf 89' lang='lat' dir='ltr'>humani</span> <span class='ocrx_word' id='word_1_117' title='bbox 819 2471 937 2568; x_wconf 80' lang='lat' dir='ltr'>tenet,</span> <span class='ocrx_word' id='word_1_118' title='bbox 973 2465 1073 2554; x_wconf 89' lang='lat' dir='ltr'>atqui</span> <span class='ocrx_word' id='word_1_119' title='bbox 1099 2488 1206 2532; x_wconf 87' lang='lat' dir='ltr'>sexus</span> <span class='ocrx_word' id='word_1_120' title='bbox 1231 2463 1459 2535; x_wconf 87' lang='lat' dir='ltr'>characteres</span> <span class='ocrx_word' id='word_1_121' title='bbox 1487 2465 1524 2530; x_wconf 89' lang='lat' dir='ltr'>in</span> <span class='ocrx_word' id='word_1_122' title='bbox 1557 2462 1743 2530; x_wconf 89' lang='lat' dir='ltr'>individuo</span> <span class='ocrx_word' id='word_1_123' title='bbox 1765 2459 1907 2552; x_wconf 85' lang='lat' dir='ltr'>generis</span> <span class='ocrx_word' id='word_1_124' title='bbox 1935 2455 2064 2544; x_wconf 85' lang='lat' dir='ltr'>cujus-</span> 
     </span>
     <span class='ocr_line' id='line_1_15' title="bbox 478 2593 2065 2690; baseline -0.004 -23"><span class='ocrx_word' id='word_1_125' title='bbox 478 2598 732 2690; x_wconf 67' lang='lat' dir='ltr'>dam&#39;quoque</span> <span class='ocrx_word' id='word_1_126' title='bbox 758 2598 829 2686; x_wconf 86' lang='lat' dir='ltr'>jam</span> <span class='ocrx_word' id='word_1_127' title='bbox 856 2623 876 2666; x_wconf 89' lang='lat' dir='ltr'>a</span> <span class='ocrx_word' id='word_1_128' title='bbox 903 2602 1022 2690; x_wconf 90' lang='lat' dir='ltr'>primo</span> <span class='ocrx_word' id='word_1_129' title='bbox 1056 2611 1238 2670; x_wconf 88' lang='lat' dir='ltr'>momento</span> <span class='ocrx_word' id='word_1_130' title='bbox 1274 2601 1467 2669; x_wconf 86' lang='lat' dir='ltr'>creationis</span> <span class='ocrx_word' id='word_1_131' title='bbox 1503 2599 1725 2668; x_wconf 81' lang='lat' dir='ltr'>individuilis</span> <span class='ocrx_word' id='word_1_132' title='bbox 1764 2593 2065 2689; x_wconf 85' lang='lat' dir='ltr'>potentialitera</span> 
     </span>
     <span class='ocr_line' id='line_1_16' title="bbox 480 2708 2065 2828; baseline -0.004 -24"><span class='ocrx_word' id='word_1_133' title='bbox 480 2758 610 2827; x_wconf 87' lang='lat' dir='ltr'>genere</span> <span class='ocrx_word' id='word_1_134' title='bbox 635 2708 715 2828; x_wconf 80' lang='lat' dir='ltr'>ipso</span> <span class='ocrx_word' id='word_1_135' title='bbox 745 2735 1080 2827; x_wconf 79' lang='lat' dir='ltr'>praedestinantur,</span> <span class='ocrx_word' id='word_1_136' title='bbox 1122 2747 1159 2804; x_wconf 85' lang='lat' dir='ltr'>et</span> <span class='ocrx_word' id='word_1_137' title='bbox 1194 2736 1224 2806; x_wconf 84' lang='lat' dir='ltr'>si</span> <span class='ocrx_word' id='word_1_138' title='bbox 1262 2733 1378 2804; x_wconf 82' lang='lat' dir='ltr'>forma</span> <span class='ocrx_word' id='word_1_139' title='bbox 1414 2735 1622 2827; x_wconf 88' lang='lat' dir='ltr'>emhryonis</span> <span class='ocrx_word' id='word_1_140' title='bbox 1654 2733 1801 2801; x_wconf 88' lang='lat' dir='ltr'>humani</span> <span class='ocrx_word' id='word_1_141' title='bbox 1839 2733 2065 2817; x_wconf 85' lang='lat' dir='ltr'>retensione,</span> 
     </span>
     <span class='ocr_line' id='line_1_17' title="bbox 484 2868 2067 2964; baseline -0.004 -24"><span class='ocrx_word' id='word_1_142' title='bbox 484 2884 544 2940; x_wconf 88' lang='lat' dir='ltr'>aut</span> <span class='ocrx_word' id='word_1_143' title='bbox 576 2896 724 2942; x_wconf 86' lang='lat' dir='ltr'>excessu</span> <span class='ocrx_word' id='word_1_144' title='bbox 756 2871 982 2940; x_wconf 81' lang='lat' dir='ltr'>formationis</span> <span class='ocrx_word' id='word_1_145' title='bbox 1014 2874 1177 2964; x_wconf 84' lang='lat' dir='ltr'>partialis</span> <span class='ocrx_word' id='word_1_146' title='bbox 1207 2874 1405 2960; x_wconf 85' lang='lat' dir='ltr'>alienatur,</span> <span class='ocrx_word' id='word_1_147' title='bbox 1446 2875 1541 2942; x_wconf 88' lang='lat' dir='ltr'>haud</span> <span class='ocrx_word' id='word_1_148' title='bbox 1583 2873 1750 2940; x_wconf 90' lang='lat' dir='ltr'>omnibus</span> <span class='ocrx_word' id='word_1_149' title='bbox 1794 2868 2067 2937; x_wconf 86' lang='lat' dir='ltr'>characteribus</span> 
     </span>
     <span class='ocr_line' id='line_1_18' title="bbox 484 3007 2068 3095; baseline -0.003 -20"><span class='ocrx_word' id='word_1_150' title='bbox 484 3007 652 3077; x_wconf 89' lang='lat' dir='ltr'>humanis</span> <span class='ocrx_word' id='word_1_151' title='bbox 691 3007 758 3075; x_wconf 92' lang='lat' dir='ltr'>erit</span> <span class='ocrx_word' id='word_1_152' title='bbox 794 3010 993 3078; x_wconf 90' lang='lat' dir='ltr'>destitutus.</span> <span class='ocrx_word' id='word_1_153' title='bbox 1043 3010 1229 3079; x_wconf 71' lang='lat' dir='ltr'>Genitalis</span> <span class='ocrx_word' id='word_1_154' title='bbox 1270 3012 1336 3080; x_wconf 88' lang='lat' dir='ltr'>etsi</span> <span class='ocrx_word' id='word_1_155' title='bbox 1379 3010 1554 3080; x_wconf 77' lang='lat' dir='ltr'>defectiva</span> <span class='ocrx_word' id='word_1_156' title='bbox 1598 3009 1655 3079; x_wconf 82' lang='lat' dir='ltr'>rel</span> <span class='ocrx_word' id='word_1_157' title='bbox 1688 3008 1870 3075; x_wconf 79' lang='lat' dir='ltr'>excessira</span> <span class='ocrx_word' id='word_1_158' title='bbox 1911 3028 2068 3095; x_wconf 86' lang='lat' dir='ltr'>semper,</span> 
     </span>
     <span class='ocr_line' id='line_1_19' title="bbox 487 3140 2072 3239; baseline -0.004 -27"><span class='ocrx_word' id='word_1_159' title='bbox 487 3145 694 3236; x_wconf 89' lang='lat' dir='ltr'>ubicunque</span> <span class='ocrx_word' id='word_1_160' title='bbox 721 3145 868 3231; x_wconf 82' lang='lat' dir='ltr'>adsunt,</span> <span class='ocrx_word' id='word_1_161' title='bbox 891 3157 1130 3238; x_wconf 86' lang='lat' dir='ltr'>prototypum</span> <span class='ocrx_word' id='word_1_162' title='bbox 1155 3149 1352 3216; x_wconf 87' lang='lat' dir='ltr'>humanum</span> <span class='ocrx_word' id='word_1_163' title='bbox 1377 3147 1632 3239; x_wconf 78' lang='lat' dir='ltr'>praeseferant.</span> <span class='ocrx_word' id='word_1_164' title='bbox 1681 3142 1862 3211; x_wconf 77' lang='lat' dir='ltr'>Genitalis</span> <span class='ocrx_word' id='word_1_165' title='bbox 1890 3140 2072 3228; x_wconf 78' lang='lat' dir='ltr'>embryo-</span> 
     </span>
     <span class='ocr_line' id='line_1_20' title="bbox 489 3275 2070 3374; baseline -0.001 -28"><span class='ocrx_word' id='word_1_166' title='bbox 489 3283 544 3346; x_wconf 89' lang='lat' dir='ltr'>nis</span> <span class='ocrx_word' id='word_1_167' title='bbox 569 3282 607 3344; x_wconf 92' lang='lat' dir='ltr'>iu</span> <span class='ocrx_word' id='word_1_168' title='bbox 634 3303 775 3370; x_wconf 88' lang='lat' dir='ltr'>quaque</span> <span class='ocrx_word' id='word_1_169' title='bbox 802 3282 877 3366; x_wconf 84' lang='lat' dir='ltr'>ejus</span> <span class='ocrx_word' id='word_1_170' title='bbox 903 3283 1128 3352; x_wconf 81' lang='lat' dir='ltr'>formationis</span> <span class='ocrx_word' id='word_1_171' title='bbox 1154 3286 1305 3374; x_wconf 87' lang='lat' dir='ltr'>periodo</span> <span class='ocrx_word' id='word_1_172' title='bbox 1332 3294 1472 3350; x_wconf 87' lang='lat' dir='ltr'>tautum</span> <span class='ocrx_word' id='word_1_173' title='bbox 1508 3281 1552 3348; x_wconf 89' lang='lat' dir='ltr'>ab</span> <span class='ocrx_word' id='word_1_174' title='bbox 1580 3282 1648 3348; x_wconf 87' lang='lat' dir='ltr'>illis</span> <span class='ocrx_word' id='word_1_175' title='bbox 1675 3279 1881 3347; x_wconf 89' lang='lat' dir='ltr'>animalium</span> <span class='ocrx_word' id='word_1_176' title='bbox 1910 3275 2070 3366; x_wconf 79' lang='lat' dir='ltr'>iuferio-</span> 
     </span>
     <span class='ocr_line' id='line_1_21' title="bbox 491 3414 2073 3506; baseline 0.001 -24"><span class='ocrx_word' id='word_1_177' title='bbox 491 3439 572 3482; x_wconf 92' lang='lat' dir='ltr'>rum</span> <span class='ocrx_word' id='word_1_178' title='bbox 599 3417 761 3484; x_wconf 89' lang='lat' dir='ltr'>classium</span> <span class='ocrx_word' id='word_1_179' title='bbox 790 3417 941 3502; x_wconf 87' lang='lat' dir='ltr'>distant,</span> <span class='ocrx_word' id='word_1_180' title='bbox 968 3431 1139 3506; x_wconf 84' lang='lat' dir='ltr'>quantum</span> <span class='ocrx_word' id='word_1_181' title='bbox 1168 3421 1275 3488; x_wconf 90' lang='lat' dir='ltr'>homo</span> <span class='ocrx_word' id='word_1_182' title='bbox 1302 3421 1346 3488; x_wconf 85' lang='lat' dir='ltr'>ab</span> <span class='ocrx_word' id='word_1_183' title='bbox 1381 3418 1450 3487; x_wconf 82' lang='lat' dir='ltr'>rllis</span> <span class='ocrx_word' id='word_1_184' title='bbox 1477 3417 1688 3486; x_wconf 85' lang='lat' dir='ltr'>animalibus</span> <span class='ocrx_word' id='word_1_185' title='bbox 1728 3419 1802 3506; x_wconf 88' lang='lat' dir='ltr'>ipse</span> <span class='ocrx_word' id='word_1_186' title='bbox 1828 3415 1945 3483; x_wconf 84' lang='lat' dir='ltr'>distat.</span> <span class='ocrx_word' id='word_1_187' title='bbox 2002 3414 2073 3483; x_wconf 74' lang='lat' dir='ltr'>At-</span> 
     </span>
     <span class='ocr_line' id='line_1_22' title="bbox 493 3551 2074 3648; baseline -0.002 -23"><span class='ocrx_word' id='word_1_188' title='bbox 493 3565 613 3625; x_wconf 83' lang='lat' dir='ltr'>tamen</span> <span class='ocrx_word' id='word_1_189' title='bbox 641 3552 747 3620; x_wconf 89' lang='lat' dir='ltr'>etiam</span> <span class='ocrx_word' id='word_1_190' title='bbox 775 3554 941 3645; x_wconf 86' lang='lat' dir='ltr'>genitalia</span> <span class='ocrx_word' id='word_1_191' title='bbox 969 3555 1110 3624; x_wconf 91' lang='lat' dir='ltr'>illorum</span> <span class='ocrx_word' id='word_1_192' title='bbox 1136 3558 1346 3626; x_wconf 87' lang='lat' dir='ltr'>animalium</span> <span class='ocrx_word' id='word_1_193' title='bbox 1379 3569 1460 3624; x_wconf 82' lang='lat' dir='ltr'>suut</span> <span class='ocrx_word' id='word_1_194' title='bbox 1495 3557 1598 3628; x_wconf 82' lang='lat' dir='ltr'>rulde</span> <span class='ocrx_word' id='word_1_195' title='bbox 1625 3551 1895 3622; x_wconf 79' lang='lat' dir='ltr'>individualiter</span> <span class='ocrx_word' id='word_1_196' title='bbox 1923 3567 1960 3648; x_wconf 76' lang='lat' dir='ltr'>et</span> <span class='ocrx_word' id='word_1_197' title='bbox 1987 3579 2074 3646; x_wconf 90' lang='lat' dir='ltr'>pro·</span> 
     </span>
    </p>
   </div>
   <div class='ocr_carea' id='block_1_9' title="bbox 493 3689 2074 3786">
    <p class='ocr_par' dir='ltr' id='par_1_9' title="bbox 493 3689 2074 3786">
     <span class='ocr_line' id='line_1_23' title="bbox 493 3689 2074 3786; baseline 0 -26"><span class='ocrx_word' id='word_1_198' title='bbox 493 3691 744 3782; x_wconf 88' lang='lat' dir='ltr'>portionaliter</span> <span class='ocrx_word' id='word_1_199' title='bbox 769 3691 942 3774; x_wconf 78' lang='lat' dir='ltr'>formata,</span> <span class='ocrx_word' id='word_1_200' title='bbox 981 3693 1164 3784; x_wconf 88' lang='lat' dir='ltr'>quodjam</span> <span class='ocrx_word' id='word_1_201' title='bbox 1190 3719 1236 3766; x_wconf 83' lang='lat' dir='ltr'>ex</span> <span class='ocrx_word' id='word_1_202' title='bbox 1264 3696 1505 3786; x_wconf 86' lang='lat' dir='ltr'>descriptione</span> <span class='ocrx_word' id='word_1_203' title='bbox 1539 3713 1756 3786; x_wconf 85' lang='lat' dir='ltr'>organorum</span> <span class='ocrx_word' id='word_1_204' title='bbox 1788 3689 2074 3782; x_wconf 88' lang='lat' dir='ltr'>hermaphrodi-</span> 
     </span>
    </p>
   </div>
   <div class='ocr_carea' id='block_1_10' title="bbox 495 3827 1136 3921">
    <p class='ocr_par' dir='ltr' id='par_1_10' title="bbox 495 3827 1136 3921">
     <span class='ocr_line' id='line_1_24' title="bbox 495 3827 1136 3921; baseline 0.009 -28"><span class='ocrx_word' id='word_1_205' title='bbox 495 3827 649 3896; x_wconf 89' lang='lat' dir='ltr'>ticorum</span> <span class='ocrx_word' id='word_1_206' title='bbox 675 3829 852 3899; x_wconf 91' lang='lat' dir='ltr'>hirudinis</span> <span class='ocrx_word' id='word_1_207' title='bbox 876 3831 1136 3921; x_wconf 80' lang='lat' dir='ltr'>perspeximus.</span> 
     </span>
    </p>
   </div>
   <div class='ocr_carea' id='block_1_11' title="bbox 502 4124 2084 4636">
    <p class='ocr_par' dir='ltr' id='par_1_11' title="bbox 502 4124 2084 4636">
     <span class='ocr_line' id='line_1_25' title="bbox 601 4124 2079 4224; baseline 0.005 -30"><span class='ocrx_word' id='word_1_208' title='bbox 601 4124 783 4197; x_wconf 87' lang='lat' dir='ltr'>Genitalia</span> <span class='ocrx_word' id='word_1_209' title='bbox 810 4127 962 4198; x_wconf 85' lang='lat' dir='ltr'>luuuaua</span> <span class='ocrx_word' id='word_1_210' title='bbox 990 4131 1026 4195; x_wconf 91' lang='lat' dir='ltr'>iu</span> <span class='ocrx_word' id='word_1_211' title='bbox 1060 4130 1182 4218; x_wconf 79' lang='lat' dir='ltr'>regula</span> <span class='ocrx_word' id='word_1_212' title='bbox 1211 4139 1336 4220; x_wconf 85' lang='lat' dir='ltr'>utpote</span> <span class='ocrx_word' id='word_1_213' title='bbox 1377 4132 1493 4197; x_wconf 90' lang='lat' dir='ltr'>omnis</span> <span class='ocrx_word' id='word_1_214' title='bbox 1524 4129 1652 4216; x_wconf 87' lang='lat' dir='ltr'>horno,</span> <span class='ocrx_word' id='word_1_215' title='bbox 1699 4132 1734 4199; x_wconf 91' lang='lat' dir='ltr'>in</span> <span class='ocrx_word' id='word_1_216' title='bbox 1776 4133 1895 4224; x_wconf 86' lang='lat' dir='ltr'>prima</span> <span class='ocrx_word' id='word_1_217' title='bbox 1933 4129 2079 4201; x_wconf 85' lang='lat' dir='ltr'>sorma-</span> 
     </span>
     <span class='ocr_line' id='line_1_26' title="bbox 502 4261 2079 4361; baseline 0.004 -31"><span class='ocrx_word' id='word_1_218' title='bbox 502 4261 600 4332; x_wconf 89' lang='lat' dir='ltr'>tione</span> <span class='ocrx_word' id='word_1_219' title='bbox 626 4263 669 4332; x_wconf 86' lang='lat' dir='ltr'>ab</span> <span class='ocrx_word' id='word_1_220' title='bbox 697 4265 820 4336; x_wconf 85' lang='lat' dir='ltr'>infimo</span> <span class='ocrx_word' id='word_1_221' title='bbox 847 4268 891 4334; x_wconf 87' lang='lat' dir='ltr'>ad</span> <span class='ocrx_word' id='word_1_222' title='bbox 919 4290 1094 4335; x_wconf 88' lang='lat' dir='ltr'>summum</span> <span class='ocrx_word' id='word_1_223' title='bbox 1121 4267 1352 4359; x_wconf 61' lang='lat' dir='ltr'>persuationis</span> <span class='ocrx_word' id='word_1_224' title='bbox 1386 4267 1535 4357; x_wconf 83' lang='lat' dir='ltr'>gradum</span> <span class='ocrx_word' id='word_1_225' title='bbox 1576 4291 1641 4358; x_wconf 89' lang='lat' dir='ltr'>per</span> <span class='ocrx_word' id='word_1_226' title='bbox 1673 4268 1831 4340; x_wconf 86' lang='lat' dir='ltr'>diversas</span> <span class='ocrx_word' id='word_1_227' title='bbox 1864 4269 2079 4361; x_wconf 85' lang='lat' dir='ltr'>genitalium</span> 
     </span>
     <span class='ocr_line' id='line_1_27' title="bbox 503 4399 2082 4494; baseline 0.003 -26"><span class='ocrx_word' id='word_1_228' title='bbox 503 4399 638 4471; x_wconf 80' lang='lat' dir='ltr'>formas</span> <span class='ocrx_word' id='word_1_229' title='bbox 664 4403 848 4494; x_wconf 82' lang='lat' dir='ltr'>analogas‚</span> <span class='ocrx_word' id='word_1_230' title='bbox 876 4405 913 4470; x_wconf 87' lang='lat' dir='ltr'>in</span> <span class='ocrx_word' id='word_1_231' title='bbox 940 4403 1150 4471; x_wconf 69' lang='lat' dir='ltr'>interiorum</span> <span class='ocrx_word' id='word_1_232' title='bbox 1178 4404 1383 4472; x_wconf 89' lang='lat' dir='ltr'>animalium</span> <span class='ocrx_word' id='word_1_233' title='bbox 1412 4404 1581 4472; x_wconf 67' lang='lat' dir='ltr'>classibus</span> <span class='ocrx_word' id='word_1_234' title='bbox 1607 4406 1859 4491; x_wconf 82' lang='lat' dir='ltr'>obvenientes,</span> <span class='ocrx_word' id='word_1_235' title='bbox 1906 4407 2082 4494; x_wconf 87' lang='lat' dir='ltr'>ascendit,</span> 
     </span>
     <span class='ocr_line' id='line_1_28' title="bbox 508 4527 2084 4636; baseline 0.006 -33"><span class='ocrx_word' id='word_1_236' title='bbox 508 4538 570 4604; x_wconf 87' lang='lat' dir='ltr'>sed</span> <span class='ocrx_word' id='word_1_237' title='bbox 596 4563 720 4608; x_wconf 86' lang='lat' dir='ltr'>eorum</span> <span class='ocrx_word' id='word_1_238' title='bbox 759 4540 927 4608; x_wconf 82' lang='lat' dir='ltr'>l&#39;ormatio</span> <span class='ocrx_word' id='word_1_239' title='bbox 969 4541 1074 4611; x_wconf 78' lang='lat' dir='ltr'>euuu</span> <span class='ocrx_word' id='word_1_240' title='bbox 1111 4541 1145 4609; x_wconf 93' lang='lat' dir='ltr'>iu</span> <span class='ocrx_word' id='word_1_241' title='bbox 1188 4567 1399 4634; x_wconf 78' lang='lat' dir='ltr'>‹proruuque</span> <span class='ocrx_word' id='word_1_242' title='bbox 1432 4543 1547 4610; x_wconf 83' lang='lat' dir='ltr'>stadio</span> <span class='ocrx_word' id='word_1_243' title='bbox 1580 4544 1747 4635; x_wconf 85' lang='lat' dir='ltr'>impediri</span> <span class='ocrx_word' id='word_1_244' title='bbox 1780 4527 1917 4636; x_wconf 61' lang='lat' dir='ltr'>potest,¹</span> <span class='ocrx_word' id='word_1_245' title='bbox 1951 4552 2084 4635; x_wconf 81' lang='lat' dir='ltr'>utpote</span> 
     </span>
    </p>
   </div>
   <div class='ocr_carea' id='block_1_12' title="bbox 509 4673 2082 4774">
    <p class='ocr_par' dir='ltr' id='par_1_12' title="bbox 509 4673 2082 4774">
     <span class='ocr_line' id='line_1_29' title="bbox 509 4673 2082 4774; baseline 0.004 -31"><span class='ocrx_word' id='word_1_246' title='bbox 509 4673 674 4743; x_wconf 79' lang='lat' dir='ltr'>sonnatio</span> <span class='ocrx_word' id='word_1_247' title='bbox 701 4675 809 4746; x_wconf 89' lang='lat' dir='ltr'>totius</span> <span class='ocrx_word' id='word_1_248' title='bbox 832 4678 1004 4769; x_wconf 86' lang='lat' dir='ltr'>corporis.</span> <span class='ocrx_word' id='word_1_249' title='bbox 1055 4679 1370 4768; x_wconf 75' lang='lat' dir='ltr'>Quemadmodum</span> <span class='ocrx_word' id='word_1_250' title='bbox 1404 4679 1573 4751; x_wconf 83' lang='lat' dir='ltr'>formatio</span> <span class='ocrx_word' id='word_1_251' title='bbox 1607 4681 1761 4750; x_wconf 86' lang='lat' dir='ltr'>hominis</span> <span class='ocrx_word' id='word_1_252' title='bbox 1784 4682 1904 4751; x_wconf 82' lang='lat' dir='ltr'>totalis</span> <span class='ocrx_word' id='word_1_253' title='bbox 1929 4682 2082 4774; x_wconf 83' lang='lat' dir='ltr'>suprinu&#39;</span> 
     </span>
    </p>
   </div>
   <div class='ocr_carea' id='block_1_13' title="bbox 0 0 2238 5710">
    <p class='ocr_par' dir='ltr' id='par_1_13' title="bbox 0 0 2238 5710">
     <span class='ocr_line' id='line_1_30' title="bbox 0 0 2238 5710; baseline 0 0"><span class='ocrx_word' id='word_1_254' title='bbox 0 0 2238 5710; x_wconf 95' lang='lat' dir='ltr'> </span> 
     </span>
    </p>
   </div>
  </div>
 </body>
</html>
