4334 5716
483 523 488 535 ,
610 559 621 610 Ι
862 463 1104 532 'trem
1369 539 1379 552 ,
1479 451 1484 456 ’
1749 471 1772 542 s

189 660 201 764 ζ
292 671 490 758 moraes
525 671 721 772 primarius
744 663 989 768 generationis
1021 671 1205 746 liumanse
1228 669 1268 746 in
1281 644 1337 748 ¹'e'o
1361 669 1543 763 consistit,
1579 673 1676 768 qnod
1697 641 1770 772 'por
1845 754 1848 768 ,

186 811 381 894 individua
402 833 492 910 seru
517 812 709 886 dilleronts
737 811 904 906 praedite
928 823 1148 906 prerogatus,
1185 813 1248 884 sed
1279 812 1452 913 quoniam
1484 821 1615 910 nature
1639 813 1677 884 in
1703 837 1772 888 sue

115 957 119 966 '
193 953 376 1028 creatione
402 948 589 1020 omnis-in
624 946 809 1038 omnibus,
851 959 890 1022 et
920 927 1039 1020 omis
1065 951 1105 1020 in
1130 950 1229 1020 omni
1262 957 1299 1019 et
1335 947 1586 1060 diversissimis
1623 951 1768 1044 quidem

106 1069 110 1074 ¹
142 1180 145 1192 .
191 1089 310 1162 modis
333 1096 502 1184 repetere
525 1085 826 1186 praeplacetzite
851 1109 929 1158 non
959 1085 1186 1160 solummodo
1218 1085 1503 1182 generationem·
1520 1087 1767 1180 aequivocam,

186 1188 352 1320 ’diversas
377 1222 554 1294 molarum
577 1221 717 1316 species
752 1225 959 1316 generando
992 1237 1029 1296 et
1058 1224 1282 1326 polyporum
1314 1223 1533 1294 creationem
1566 1224 1607 1292 in
1627 1223 1769 1295 iolante

155 1360 439 1456 ,aphroditiom
485 1357 544 1428 cui
580 1369 728 1452 praeter
751 1370 917 1434 venuem
942 1362 1065 1434 omnia
1096 1323 1237 1453 reliqde
1269 1359 1451 1448 membre,
1487 1361 1599 1432 immo
1631 1383 1768 1454 organa

129 1537 133 1546 ·
189 1521 300 1572 sexus
323 1491 472 1586 desunt,
503 1467 603 1588 ¹quod
627 1517 756 1569 revera
778 1507 893 1568 status
937 1501 1159 1594 polyporum
1198 1507 1270 1584 est,
1314 1499 1466 1592 repetit;
1527 1499 1589 1568 sed
1627 1498 1769 1591 quaerit

159 1657 335 1732 ,quoque
361 1634 521 1705 diverses
544 1633 788 1728 proprietates
809 1644 846 1704 et
869 1633 1005 1730 somnes
1031 1638 1186 1710 aliorum
1211 1634 1418 1705 animalium
1451 1633 1632 1706 inferioris
1655 1657 1767 1729 orge-
1814 1659 1820 1670 ·

188 1751 378 1844 nisationis
400 1779 569 1864 repetere
594 1771 665 1840 et
654 1793 693 1840 m
719 1771 878 1842 humano
899 1792 1034 1865 genere
1068 1781 1356 1867 repraesentare.
1407 1769 1472 1842 Ast
1497 1771 1549 1842 uti
1574 1783 1705 1842 neutra
1729 1772 1768 1844 iu

187 1908 342 1982 diversis
365 1905 563 1981 individuis
586 1907 728 2000 generis
750 1904 940 1982 humani
932 1933 1060 1984 omnes
1090 1909 1283 1982 inleriores
1311 1907 1519 1982 animalium
1545 1911 1678 2002 gradus
1702 1931 1769 1980 re·-
1868 1975 1871 1985 ,
1962 1906 1967 1938 ’

186 2045 296 2118 iterat
319 2051 356 2116 et
379 2045 430 2116 aio
459 2068 537 2116 sess
561 2014 788 2116 solummodo
811 2069 878 2142 per
902 2045 1082 2118 delectum
1096 2039 1325 2117 formationis
1346 2038 1567 2116 'sublimioris
1588 2045 1775 2116 humanos

187 2185 423 2270 demonstret,
448 2179 498 2248 sic
523 2201 571 2248 ex
583 2177 688 2269 pa'rte
713 2182 894 2250 contraria
911 2203 1055 2272 quoque
1078 2205 1147 2274 per
1155 2185 1338 2252 excessus
1363 2181 1417 2252 vis
1442 2180 1627 2295 genitricis
1643 2191 1679 2250 et
1692 2179 1768 2250 lor

187 2317 344 2391 motivas
367 2313 551 2386 hominem
575 2323 613 2382 et
636 2312 712 2408 ejus
735 2326 857 2408 partes
882 2315 1080 2410 nogueres
1105 2315 1162 2388 vel
1192 2317 1422 2408 singulariter
1446 2315 1539 2389 vel
1528 2339 1565 2386 m
1589 2317 1768 2408 integrum

186 2453 368 2548 duplicat,
411 2449 522 2520 immo
555 2447 595 2520 in
630 2449 758 2544 vigore
787 2451 948 2544 aetionis
971 2473 1057 2528 suae
1089 2453 1317 2546 procreantis
1347 2475 1474 2524 sexum
1510 2454 1550 2522 in
1579 2447 1767 2561 individuo

187 2589 324 2684 duplici
345 2585 443 2686 illius
467 2587 705 2680 productione
731 2595 904 2676 conatur,
941 2587 1039 2680 quod
1064 2609 1137 2658 non
1170 2611 1355 2682 nimquam
1387 2611 1454 2686 per
1487 2587 1767 2684 explicationem
1874 2645 1881 2662 ,

187 2727 437 2800 characterum
462 2721 748 2812 contrariorum,
773 2723 1089 2838 hermaphroditos
1121 2725 1337 2819 lormando,
1380 2727 1614 2817 observatum
1650 2749 1766 2798 cone-

186 2885 293 2950 men,
319 2859 419 2946 cujus
444 2857 611 2946 effectus,
636 2859 668 2953 si
692 2860 802 2931 semel
825 2872 881 2932 set
904 2859 1087 2956 perfectus
1111 2843 1271 2951 adesset,
1303 2885 1379 2936 non
1404 2863 1552 2932 ulterius
1577 2873 1766 2934 monstro-

186 2995 352 3068 sitetibus
379 2993 687 3078 adnumerandus,
725 2995 790 3062 sed
823 2997 945 3090 potius
969 2998 1024 3068 uti
1053 3019 1234 3071 mmmum
1265 3000 1456 3094 vestigium
1480 3008 1518 3070 et
1541 2997 1767 3098 triumphtun
1904 2979 1906 2990 ¹

187 3144 343 3206 naturas
368 3123 576 3218 generantis
601 3129 800 3196 censendus
823 3137 928 3208 esset.
1010 3114 1019 3127 '

285 3423 425 3496 Omnes
459 3429 705 3492 monstrorum
736 3381 971 3495 formationes
1015 3421 1075 3498 rel
1098 3447 1180 3496 cum
1222 3449 1372 3498 excessu
1407 3425 1466 3500 vel
1504 3450 1588 3500 eum
1620 3427 1764 3526 delectu

185 3565 325 3639 formae
349 3557 542 3652 regularis,
576 3557 749 3656 sipartes
772 3559 938 3634 internae
962 3546 1077 3654 magis
1109 3561 1314 3634 essentiales
1340 3563 1397 3636 vel
1422 3565 1568 3656 desunt,
1603 3543 1662 3639 iet
1687 3567 1762 3638 du-

185 3701 404 3800 plicantur,¹
428 3703 628 3788 propterea
660 3695 713 3774 nil
744 3695 843 3768 aliud
868 3707 970 3786 sunt,
1008 3699 1078 3768 nisi
1109 3699 1288 3794 producta
1321 3699 1433 3796 ipsius
1458 3703 1700 3796 generationis
1713 3699 1762 3774 'et
1842 3753 1847 3770 .
1954 3715 1958 3724 “

176 3825 354 3928 'sequelae
378 3829 581 3926 perturbati
605 3853 648 3902 ac
673 3829 817 3906 alienati
842 3833 941 3904 nisus
965 3832 1149 3907 formativi
1173 3835 1369 3928 generalis,
1402 3837 1463 3930 qui
1489 3861 1562 3910 nou
1581 3839 1698 3914 sotum
1721 3839 1761 3910 in

186 3971 287 4046 coitu
309 3965 375 4040 sed
396 3961 470 4060 jam
496 3977 602 4038 autea
625 3971 822 4082 praecipue
846 3971 886 4042 in
907 3971 1098 4068 ingruente
1122 3981 1243 4069 oestro
1269 3949 1405 4044 acutos
1428 3986 1592 4070 apparet.
1689 3999 1691 4006 ·

284 4263 368 4340 Pali
390 4261 554 4336 sexuelas
579 4265 736 4358 oppositi
759 4289 799 4338 ae
821 4267 862 4340 in
885 4269 984 4342 coitu
1008 4269 1057 4340 ed
1090 4288 1270 4364 apperens
1292 4279 1466 4362 punctum
1492 4271 1757 4344 indifferentiae

188 4401 426 4498 conjungunt,
458 4409 497 4474 et
517 4398 582 4472 obi
604 4399 677 4490 jam
700 4413 878 4496 punctum
900 4395 1049 4497 salidus,
1065 4405 1224 4478 initium
1247 4407 1344 4478 vitae
1377 4407 1609 4478 individualis
1634 4405 1755 4490 obses·
1786 4449 1794 4470 ·

185 4551 313 4630 vetur,
344 4536 421 4634 poli
444 4539 510 4610 rix
532 4539 579 4610 ad
602 4537 883 4614 indifferentiam
915 4545 1071 4635 redacti,
1105 4543 1320 4616 dissilientes
1349 4567 1388 4614 se
1418 4543 1456 4616 in
1489 4543 1631 4614 duobus
1653 4547 1763 4622 notia

188 4673 478 4776 oppositionibus
500 4673 747 4774 monitantem,
770 4701 923 4776 gruum
946 4703 1021 4758 una
1043 4682 1163 4762 vesica
1188 4679 1336 4782 cepitis,
1362 4679 1476 4756 altera
1500 4686 1620 4780 uuum
1642 4691 1707 4758 est.
