4334 5716
429 456 481 542 95
1131 473 1347 516 seo-w

431 667 537 748 rant,
563 660 807 745 ostendemus,
847 663 906 728 sed
935 680 1079 729 omnem
1116 660 1278 728 habitum
1312 659 1443 730 viriet
1483 658 1659 729 foeminae
1685 661 1721 729 in
1760 682 1891 754 genere
1917 683 2017 731 con-

433 793 591 865 feremus
619 808 652 863 ct
680 798 774 865 inter
805 797 1053 865 deformitates
1088 819 1213 865 eorum
1244 819 1310 887 per
1343 819 1524 868 excessum
1558 811 1594 864 et
1626 797 1804 866 desectum
1832 798 1868 866 in
1904 799 2021 867 variis

436 929 576 1000 casibus
602 931 833 1002 obvenientes
860 927 1232 1023 naturalesqucinter
1270 934 1428 1023 partium
1456 934 1680 1001 corrditiones
1706 935 2021 1026 comparationem

437 1065 679 1152 instituenms3
720 1080 755 1137 et
780 1071 843 1138 tali
869 1072 1009 1138 ratione
1036 1095 1078 1137 co
1104 1069 1242 1138 facilius
1275 1071 1311 1136 in
1338 1069 1476 1136 casibus
1510 1070 1782 1141 obvenientibus
1808 1070 2024 1138 corrollaria

436 1224 507 1292 pro
534 1205 772 1294 possibilitate
816 1219 877 1276 aut
904 1207 1068 1276 realitate
1109 1205 1489 1298 hermaphroditorum
1521 1227 1687 1275 eruemus
1712 1205 1769 1277 vel
1795 1207 2021 1274 contrarium

441 1333 700 1409 exhibebimus.

744 1574 813 1652 De
844 1571 998 1654 habitu
1028 1574 1218 1686 corporis
1249 1573 1375 1652 maris
1408 1591 1450 1652 et
1480 1568 1705 1662 [sentinae

541 1777 609 1851 Vir
634 1786 821 1856 nmlierem
848 1791 884 1854 iu
912 1811 1041 1879 genere
1067 1787 1332 1879 magnitudine,
1359 1789 1413 1876 vi,
1446 1785 1596 1873 robore,
1623 1788 1857 1878 corporisque
1883 1781 2020 1854 animi-

446 1939 517 2009 que
543 1919 714 1989 firmitate
741 1923 939 2011 antecellit,
980 1925 1017 1992 in
1043 1923 1104 1992 illo
1130 1923 1314 2016 praevalet
1340 1946 1507 1990 vasorum
1540 1946 1604 1994 seu
1629 1923 1881 1993 irritabilitatis
1906 1934 2022 2010 syste-

442 2076 518 2140 ma,
544 2057 698 2147 ideoque
725 2049 904 2149 exygenio
929 2059 1104 2144 abundat,
1132 2061 1228 2149 quod
1255 2083 1326 2126 uon
1352 2059 1470 2126 minus
1499 2082 1622 2128 verum
1655 2070 1725 2148 est,
1753 2085 1860 2150 quam
1887 2063 1915 2130 si
1933 2058 2022 2133 clar.

444 2189 695 2265 Akermannus
723 2196 828 2286 dicit,
856 2208 1007 2286 propter
1031 2196 1203 2286 oxygen'ii
1229 2195 1486 2263 abundantiam
1515 2218 1650 2265 ruerem
1684 2198 1807 2288 vigore
1840 2208 1876 2264 et
1911 2219 2022 2265 ener-

447 2328 506 2416 gia
531 2326 726 2396 foeminam
753 2331 989 2418 praecelleret,
1022 2331 1074 2398 uti
1102 2333 1136 2398 iu
1163 2334 1241 2402 viro
1268 2355 1403 2422 organa
1435 2332 1682 2422 respirationis
1708 2333 1933 2423 praevalent,
1971 2333 2026 2401 ita

449 2461 488 2528 in
523 2462 680 2532 foemina
713 2476 870 2556 systema
901 2466 1189 2557 reproductiouis
1228 2477 1301 2532 tam
1338 2467 1566 2536 individualis
1600 2491 1707 2556 quarn
1741 2469 1915 2557 seruulis,
1950 2491 2024 2537 uon

450 2597 568 2664 solum
594 2609 789 2690 apparatus
815 2601 1022 2690 digestionis
1048 2613 1085 2669 et
1110 2600 1315 2670 nutritionis
1347 2625 1435 2692 prae
1462 2604 1589 2672 ceteris
1614 2603 1807 2692 evolvitur,
1841 2606 1903 2672 sed
1927 2615 2025 2674 totus

450 2732 595 2804 habitus
621 2736 807 2805 muliebris
832 2739 1103 2828 reproductioni
1136 2738 1323 2828 gcucricae
1350 2739 1539 2830 adaptatus
1565 2741 1757 2826 formatum
1798 2742 1852 2808 vis
1876 2741 2027 2832 plastica

450 2869 491 2938 in
517 2893 673 2961 corpore
696 2873 877 2942 foemineo
904 2875 1192 2965 praeponderat3
1218 2874 1347 2942 mulier
1374 2874 1531 2941 abundat
1559 2877 1708 2944 maneria
1735 2879 1901 2965 nutritis,
1927 2903 2029 2948 mare

452 3007 626 3100 pinguior
658 3007 881 3100 crassiorque
915 3019 985 3095 est;
1025 3021 1079 3077 ast
1109 3020 1231 3101 partes·
1265 3010 1339 3098 ejus
1372 3021 1454 3076 sum
1484 3011 1659 3098 laxiores,
1702 3013 1820 3080 minus
1853 3013 2029 3099 evolutae,

454 3145 509 3211 uti
534 3153 650 3214 totum
678 3147 855 3233 sceleton3
889 3147 1084 3236 praecipue
1109 3147 1146 3212 in
1182 3171 1224 3210 eo
1250 3147 1352 3226 nobis
1386 3157 1637 3232 argumentum
1664 3148 1709 3212 sit
1739 3148 1892 3234 thorax,
1930 3147 2033 3235 cujus

454 3303 584 3346 cavum
610 3279 706 3346 virili
731 3279 839 3367 longe
867 3282 1050 3369 augustius
1078 3303 1169 3363 esse,
1211 3290 1316 3368 atque
1355 3303 1400 3345 ex
1428 3303 1568 3370 qunque
1602 3291 1706 3371 parte
1732 3284 1843 3372 magis
1868 3287 2033 3355 contrahi

457 3387 706 3502 coarctarique
739 3437 848 3480 nemo
881 3415 1002 3482 nescit.
1052 3415 1136 3483 Non
1173 3415 1286 3482 solum
1319 3416 1426 3483 modo
1452 3417 1667 3484 diametrum
1702 3424 1982 3511 antroposterius
2011 3448 2032 3491 a

458 3548 899 3618 colrurmavertebrarum
926 3550 1023 3619 dorsi
1050 3551 1093 3618 ad
1133 3575 1381 3645 quamcunque
1406 3553 1517 3620 sterni
1549 3562 1690 3643 partem
1714 3565 1868 3622 sumtum
1894 3557 1939 3624 ad
1966 3581 2054 3627 rea

456 3685 549 3777 liqui
574 3688 738 3778 corporis
764 3687 943 3754 rationem
965 3685 1077 3756 multo
1103 3690 1221 3758 miuus
1252 3691 1435 3759 invenitur
1460 3689 1521 3755 sed
1549 3688 1764 3756 diametrum
1790 3702 2030 3781 transversum

458 3825 585 3892 itidem
611 3825 762 3911 arctius,
799 3823 863 3892 etsi
889 3823 1023 3892 thorax
1055 3826 1238 3895 muliebris
1266 3824 1392 3910 ruajori
1425 3823 1625 3892 dilatationi
1652 3827 1801 3894 idoneus
1828 3838 1897 3915 est,
1936 3833 2034 3922 quod

461 3989 483 4035 a
510 3960 679 4051 singulari
705 3961 814 4029 sterni
848 3941 896 4028 et
916 3972 1095 4030 costarum
1129 3963 1330 4052 harumque
1362 3961 1601 4053 appendicum
1640 3972 1820 4030 structura
1844 3963 2036 4057 formaque

461 4100 666 4195 dependet,
712 4108 830 4164 costae
865 4097 986 4165 sceleti
1016 4099 1185 4167 sociniuei
1217 4113 1301 4168 sunt
1339 4125 1360 4167 a
1394 4099 1632 4190 proportione
1672 4099 1802 4168 'Potius
1838 4100 2037 4196 breviores,

459 4242 581 4312 nriuus
608 4257 740 4304 curvae
761 4245 797 4303 et
827 4231 974 4302 liberius
1009 4237 1233 4305 articulatae:
1269 4235 1339 4305 hoc
1363 4235 1496 4304 thorax
1520 4235 1684 4304 redditur
1708 4259 1753 4304 ne
1778 4237 1924 4308 minime
1949 4245 2039 4333 qui-

462 4381 545 4450 dem
572 4373 667 4445 virili
693 4371 847 4464 amplior
872 4373 935 4440 sed
962 4372 1130 4442 mobilior
1160 4374 1275 4444 solum
1300 4383 1451 4466 propter
1476 4371 1629 4460 majores
1654 4382 1690 4441 et
1715 4372 1905 4467 longiores
1921 4389 2042 4448 costa·

462 4538 546 4586 rum
582 4511 830 4606 cartilaginem
881 4510 1052 4580 volumen
1082 4509 1158 4604 ejus
1188 4514 1251 4582 vix
1283 4515 1427 4583 tertiam
1458 4521 1600 4606 partem
1633 4511 1791 4604 pectoris
1821 4513 1900 4588 cavi
1925 4517 2042 4594 virilis

464 4651 673 4739 aedaequat.
