4334 5716
808 475 1024 521 cesse*
1370 505 1372 519 .
1564 457 1571 476 '
1663 464 1714 556 47

238 671 401 744 Nomen:
426 653 714 762 congenitum
737 661 776 732 in
803 683 909 738 sensu
933 660 1054 770 latiori
1080 671 1133 732 est
1157 671 1361 756 receptum,
1393 683 1525 758 nempe
1545 659 1609 734 ubi
1636 661 1712 756 hy·
1794 651 1803 674 '

135 809 376 902 drogeneaeps
400 803 570 878 diathesis
593 801 664 886 iam
698 799 861 894 aprima
886 797 962 868 vita
985 785 1195 892 permanrt;
1226 821 1310 870 nam
1335 797 1422 870 alias
1444 823 1572 874 cavum
1597 823 1712 892 supe-

20 981 26 988 ·
137 947 213 1015 rius
229 911 319 1036 ¹post
342 943 458 1014 scetus
483 938 673 1009 exordium
696 961 786 1008 mox
810 935 1024 1016 obliteratur
1049 947 1085 1006 et
1110 935 1334 1006 solummodo
1360 936 1448 1006 stria
1484 935 1567 1007 alba
1591 911 1713 1015 tentu'c
1764 981 1767 987 -

140 1079 300 1151 cellulosi
325 1077 438 1170 magis
465 1075 667 1144 autminus
704 1071 899 1166 conopioua
936 1072 1063 1146 aetatis
1103 1071 1328 1166 aliarumque
1363 1075 1712 1150 circumstantiarum

136 1218 279 1286 ratione
301 1215 445 1290 ruinam
470 1231 659 1305 processus
683 1208 859 1301 vrginalis
885 1207 1083 1302 superioris
1113 1211 1227 1303 partis
1259 1209 1460 1306 consignati
1498 1207 1598 1300 cujus
1630 1205 1713 1277 lor-

137 1351 307 1436 mationie
332 1349 402 1438 jam
436 1345 479 1418 F.
513 1343 690 1417 Mekelius
722 1346 762 1414 in
786 1343 1093 1415 'annotationibus
1126 1347 1198 1416 auia
1217 1347 1268 1425 ,ad
1299 1335 1569 1419 translationem
1593 1341 1714 1436 operis

140 1488 262 1578 magni
288 1484 436 1566 Cuvieri
462 1483 508 1552 de
536 1477 730 1552 Anatomia
760 1481 1004 1572 comparativa
1037 1483 1259 1553 mentionem
1282 1482 1388 1574 lecit,
1426 1493 1463 1552 et
1495 1481 1714 1571 Schregeruo

141 1621 178 1690 in
209 1620 303 1690 libro
333 1639 425 1690 ‘suot
474 1617 807 1711 Experimento
842 1615 1143 1707 Chirurgica‚
1169 1619 1208 1686 in
1237 1605 1361 1687 nostra
1391 1616 1585 1690 vernacula
1619 1635 1715 1684 con-

140 1757 296 1850 scripto,
336 1755 525 1826 clariorem
551 1752 815 1846 expositionem
846 1761 882 1822 et
906 1750 1183 1842 delineationem
1210 1751 1386 1822 exhibuit.
1415 1745 1718 1840 'Observationes

141 1890 247 1982 hujus
271 1893 407 1962 autoris
430 1890 595 1960 accidere
619 1911 726 1982 posse
756 1912 824 1962 nos
855 1889 1005 1978 docent,
1043 1897 1085 1958 ut
1116 1887 1249 1960 canalis
1275 1891 1354 1960 cavi
1377 1887 1591 1984 superioris,
1631 1897 1717 1958 anto

145 2051 251 2118 quum
276 1996 452 2110 abolitur,
477 2026 515 2094 in
540 2026 690 2097 diversis
712 2023 800 2098 locis
827 2025 1110 2116 constringatur,
1136 2033 1171 2092 et
1198 2019 1420 2114 cbarctatur,
1457 2026 1569 2092 immo
1596 2043 1716 2114 quan-

150 2161 271 2252 doque
285 2159 333 2230 in
359 2159 480 2250 piures
503 2159 676 2228 cavitates
707 2159 1143 2252 singulares‘separstur,
1181 2159 1278 2238 unde
1303 2159 1342 2226 in
1366 2156 1607 2252 hydrogenesi
1627 2156 1719 2252 plu·
1836 2197 1840 2210 ι

143 2318 203 2366 res
228 2297 441 2387 hydrocelen
467 2293 624 2384 cysticue
649 2293 755 2364 simul
789 2291 883 2366 infru
907 2293 1043 2385 inguen
1075 2291 1164 2363 oriri
1202 2301 1363 2386 possunt.
1411 2293 1577 2364 Tunicae
1612 2291 1719 2388 vagi·-
1824 2329 1830 2338 ·

145 2431 236 2502 nelis
269 2417 411 2502 Helleni
447 2427 598 2500 inferius
642 2437 789 2520 testem·
805 2439 843 2498 et
873 2413 1055 2520 perustam
1088 2428 1235 2522 cingens
1269 2452 1396 2500 cavum
1428 2429 1469 2498 in
1498 2425 1630 2498 adultis
1652 2427 1718 2534 sub

146 2567 294 2638 nonaine
334 2565 478 2660 tunicae
508 2563 684 2658 vaginulis
719 2565 875 2636 testiculi
914 2565 1089 2660 propriae
1124 2566 1182 2636 in·
1202 2565 1327 2662 regula
1362 2587 1431 2662 per
1458 2567 1578 2640 'totam
1606 2563 1721 2661 vitatu

89 2754 94 2765 ι
140 2711 342 2796 permanet.
877 2697 882 2704 '
1186 2669 1190 2684 ⁵

156 3031 164 3038 ·
245 2993 343 3066 Vasa
374 2991 524 3063 funiculi
559 2993 765 3084 spermatioi
799 3017 944 3086 quoque
977 2993 1187 3066 membrana
1202 2995 1372 3096 *propria
1401 3017 1422 3066 e
1449 2995 1522 3068 tela
1552 2995 1724 3070 cellulum
1818 2984 1820 2990 ¹

147 3133 232 3206 laxe
256 3127 412 3199 conflata
436 3125 687 3214 involvuntur3
718 3127 808 3198 baec
834 3129 1043 3200 membrana
1075 3140 1203 3222 utpote
1227 3151 1354 3202 renutu
1385 3129 1612 3204 involucrum
1642 3129 1725 3210 cel-2
1784 3149 1790 3160 ’

61 3320 64 3346 1
149 3269 285 3366 lutoso·
302 3263 590 3334 rneinbranosum
618 3283 689 3351 quo
720 3261 854 3332 lumina
880 3273 1031 3340 externa
1059 3287 1247 3356 processus
1279 3264 1481 3356 peritoneoi
1512 3275 1567 3338 est
1598 3267 1725 3338 consi·
1837 3337 1845 3346 ,

73 3375 78 3384 .
150 3399 320 3472 derund'a.
368 3397 511 3469 'Punica
550 3407 670 3464 eutem
701 3398 875 3490 vaginulis
912 3397 1112 3470 communis
1145 3422 1215 3492 pro
1253 3411 1364 3490 toste,
1389 3401 1651 3494 epydidymido
1687 3411 1728 3472 et

152 3537 312 3610 funiculo
339 3534 553 3630 spermatico
573 3531 688 3628 simul
708 3534 903 3626 praecipue
928 3501 976 3602 ex
1008 3533 1289 3608 condensatione
1319 3536 1390 3609 telo
1427 3537 1596 3610 cellulose
1627 3537 1727 3608 circu

153 3671 324 3746 annulum
350 3668 613 3740 abdominalem
652 3667 858 3751 obvenienti
891 3692 971 3741 mec
1003 3669 1175 3764 opinione
1206 3675 1257 3742 ita
1287 3671 1484 3762 formatur,
1523 3687 1565 3746 ut
1594 3672 1732 3767 vagina.

154 3809 321 3880 cellulose
348 3801 589 3874 musculorum
612 3803 894 3874 abdominaliurn
919 3804 1019 3898 prius
1044 3807 1081 3874 in
1107 3807 1388 3900 gubernaculum
1414 3807 1589 3898 Homeri,
1613 3808 1753 3898 serius,
1814 3879 1821 3890 ,

153 3947 192 4016 in
218 3949 469 4014 cremasterem
503 3911 752 4030 continuatur,
789 3952 826 4012 et
857 3939 987 4040 taciem
1019 3951 1209 4021 externum
1240 3945 1279 4014 in
1316 3941 1456 4015 infante
1485 3967 1618 4018 recena
1639 3955 1726 4016 nato

153 4079 236 4150 laxe
273 4075 419 4154 ambiat.
467 4071 639 4146 Densius
667 4075 773 4168 hujus
803 4077 1034 4158 membranae
1073 4101 1162 4150 mox
1193 4080 1339 4154 testium
1377 4081 1473 4153 mole
1505 4079 1731 4176 augmentari

156 4215 310 4290 videtur.
360 4225 361 4230 ’

254 4509 486 4586 involucrum
512 4513 720 4584 ovariorum
748 4511 902 4584 testibus
933 4511 1004 4586 alia
1027 4513 1167 4586 rodono
1199 4493 1440 4586 consimilium
1469 4509 1583 4584 multo
1616 4507 1735 4584 attona
1842 4503 1854 4528 ⁸

160 4651 361 4746 munitur,
389 4649 475 4748 quia
498 4651 589 4729 haec
613 4673 751 4748 organa
773 4651 962 4748 insegal·
986 4673 1129 4761 seraper
1151 4653 1193 4726 in
1216 4649 1408 4728 abdomine
1432 4660 1629 4730 remanent·
1732 4700 1737 4709 ·
