4390 5710
467 494 534 543 10¹
1145 472 1357 518 ν’·ΙΝΙ·

461 665 664 764 perlatum
689 663 817 734 transit
841 661 1045 753 peritonaai
1069 659 1292 752 duplicatum
1318 655 1546 752 processum,
1571 663 1633 757 qui
1657 684 1783 740 versus
1808 674 1948 736 uterum
1974 687 2036 736 re·

369 799 372 804 ’
463 805 579 875 tlexus
604 803 722 873 eidem
746 800 932 894 ligameuti
957 797 1020 868 lati
1046 799 1205 873 adinstar
1231 797 1412 868 adhaeret

557 1135 642 1208 Hoc
672 1131 767 1202 uteri
810 1129 1045 1223 ligamentum
1084 1129 1197 1203 latum
1241 1131 1285 1204 ab
1317 1139 1472 1225 utroque
1512 1135 1600 1204 ossis
1633 1131 1724 1204 sacri
1756 1131 1876 1228 anguli
1915 1154 2035 1206 versus

459 1297 571 1372 psoae
596 1268 747 1340 musculi
773 1267 865 1336 latus
893 1267 1051 1338 exterius
1076 1271 1265 1361 procedit,
1298 1279 1334 1340 et
1359 1272 1452 1338 uteri
1484 1293 1612 1341 cauum
1644 1269 1797 1342 investit.
1847 1270 2035 1359 Quemad-

458 1409 606 1482 modum
632 1405 699 1474 hac
723 1403 906 1496 duplicata
940 1375 1149 1474 membraira
1181 1405 1219 1474 in
1244 1403 1410 1475 foeminis
1443 1407 1573 1498 angulo
1601 1409 1788 1500 superiore
1811 1419 1907 1476 teres
1941 1406 2034 1499 liga-

456 1555 620 1617 mentum
655 1525 868 1632 suscipiiur‚
909 1540 960 1611 ita
992 1539 1051 1607 bic
1087 1540 1214 1609 ductus
1246 1542 1394 1610 seminis
1419 1540 1583 1611 deferens
1615 1542 1682 1612 hac
1707 1544 1802 1636 plica
1828 1543 2033 1632 involvitur,

456 1684 520 1776 qui
543 1687 683 1748 tanturn
710 1675 828 1766 abest,
866 1688 906 1744 ut
939 1676 976 1744 in
1009 1675 1124 1768 pelvis
1152 1675 1304 1746 sonuum
1337 1701 1375 1745 se
1401 1677 1570 1765 insinuet3
1607 1689 1646 1746 ut
1677 1681 1799 1770 potius
1828 1680 1888 1748 hic
1920 1681 2031 1752 multo

454 1816 569 1909 magis
594 1814 762 1882 ascendat
787 1822 822 1880 et
855 1822 951 1879 recta
977 1809 1073 1880 linea
1099 1821 1135 1880 et
1171 1813 1235 1881 sub
1262 1812 1351 1881 recti
1379 1814 1498 1904 anguli
1524 1837 1652 1882 norma
1678 1815 1716 1882 in
1741 1817 1833 1884 uteri
1861 1819 2029 1908 cystoidis

454 1951 689 2026 substantiam
715 1957 886 2016 transeat.
937 1945 1010 2014 Ubi
1036 1947 1165 2016 ductus
1190 1947 1249 2015 lric
1276 1946 1441 2016 deserens
1466 1949 1683 2040 duplicatum
1711 1952 1910 2043 peritonaei
1936 1977 2030 2046 pro-

451 2109 590 2159 cessum
616 2084 836 2176 ingreditur,
861 2081 1037 2172 insignem
1063 2083 1249 2152 constituit
1273 2083 1506 2175 glommerem
1532 2086 1727 2154 rotundum
1754 2098 1789 2155 et
1814 2091 1914 2180 quasi
1941 2115 2027 2184 gra-

449 2223 546 2298 nulis
571 2219 790 2314 glandulosis
827 2218 1084 2310 compositum,
1127 2227 1226 2287 retro
1259 2242 1366 2310 quem
1391 2230 1552 2291 ureteres
1587 2221 1671 2291 huic
1696 2222 1932 2316 glommerulo
1956 2231 2028 2301 tela

449 2358 619 2432 sellulosa
642 2355 775 2425 annexi
800 2354 840 2424 iu
864 2357 1020 2427 vesicam
1045 2354 1243 2425 urinariam
1269 2354 1502 2433 descendunt.

543 2736 583 2808 si
609 2730 916 2806 accuratioribus
942 2731 1156 2826 glommeres
1182 2735 1340 2828 indagini
1364 2735 1610 2829 subjiciemus,
1637 2738 1780 2813 cultello
1806 2743 2026 2843 cellulosarni

443 2896 536 2971 quae
561 2871 706 2942 eosdem
733 2868 903 2956 involvit,
936 2892 1186 2943 removeamus
1212 2872 1249 2939 in
1274 2885 1400 2966 aperto
1427 2883 1499 2963 est,
1536 2876 1681 2945 eosdem
1708 2877 1796 2949 nihil
1822 2905 1898 2954 esse
1923 2888 2021 2962 aliud

440 3013 510 3086 nisi
545 3008 693 3077 ductum
736 3004 977 3093 deserentem,
1021 3007 1131 3078 variis
1164 3006 1545 3077 circumvolutionibus
1576 3009 1678 3100 juxta
1713 3037 1751 3082 ae
1787 3021 1941 3107 positum
1981 3039 2018 3099 et

438 3146 606 3220 cellulosa
645 3143 803 3228 unitum,
842 3163 907 3209 cur
932 3138 1166 3210 nibilominus
1198 3141 1349 3231 granula
1382 3145 1557 3233 quaedam
1587 3145 1795 3236 glandulosa
1825 3153 1864 3223 iu
1888 3161 2015 3233 eodem

438 3281 606 3350 celluloso
649 3286 821 3343 contextu
858 3275 926 3342 sita
964 3275 1220 3342 adhaerescere
1254 3277 1545 3366 conspiciuntur5
1589 3280 1619 3348 si
1651 3283 1747 3353 enim
1780 3310 1894 3378 parva
1923 3295 2015 3370 haee

437 3411 651 3508 corpuscula
692 3409 874 3477 destructa
922 3407 1091 3477 cellulosa
1132 3407 1343 3478 diducamus
1397 3410 1448 3480 in‘
1484 3413 1630 3484 unicum
1681 3419 1827 3492 ductum
1866 3431 2010 3506 eoadem

434 3547 630 3622 extendere
668 3545 762 3614 licet.
796 3543 908 3650 ¹Cum
940 3563 1025 3633 ergo
1061 3543 1150 3612 baec
1181 3555 1360 3614 structura
1392 3567 1540 3636 prorsus
1573 3574 1655 3620 cum
1681 3553 1742 3623 illa
1775 3560 2011 3642 vesiculamm

430 3681 657 3756 seminalium
683 3676 893 3764 conveniat,
941 3699 1032 3766 quae
1056 3691 1201 3768 praeter
1233 3683 1419 3771 quaedum*
1441 3682 1652 3755 diverticula
1677 3690 1765 3760 nibil
1791 3694 1890 3766 aliud
1915 3716 2008 3796 aunt,

430 3821 499 3892 nisi
525 3819 651 3888 ductus
677 3811 844 3886 deserens
868 3811 906 3880 in
931 3811 1139 3882 fasciculum
1168 3826 1373 3908 congestus,
1405 3815 1471 3884 bos
1497 3817 1731 3916 glommeres,
1773 3827 1857 3898 licet
1881 3855 2008 3910 revera

430 3958 525 4027 inter
556 3952 774 4043 duplicatam
816 3947 1021 4042 peritonaei
1052 3949 1300 4020 membranam
1332 3953 1470 4043 recepti
1504 3957 1711 4029 orariorum
1743 3983 1922 4058 occupant
1943 3975 2006 4046 lo.

429 4111 538 4177 eum,
565 4085 738 4159 vesiculas
763 4083 951 4154 seminales
974 4083 1158 4176 appellare
1183 4085 1309 4174 liceat,
1353 4110 1434 4158 eum
1466 4095 1629 4181 quamvis
1653 4119 1676 4164 a
1702 4099 1820 4169 uesica
1845 4105 2004 4184 anomia

427 4234 590 4299 remotae
622 4222 712 4310 sint,
755 4231 879 4324 tamen
910 4219 1000 4291 haec
1032 4219 1261 4314 receptacula
1293 4224 1484 4315 spermatis
1510 4231 1752 4322 constituunt,
1793 4242 2003 4320 continuato

427 4362 536 4431 ductu
561 4361 599 4430 in
624 4368 766 4428 uterum
792 4355 1003 4428 desinentia.
1054 4354 1128 4426 Ubi
1153 4357 1294 4468 azboc
1320 4358 1516 4451 glommere
1546 4374 1645 4436 retro
1671 4369 1738 4440 sub
1754 4374 1885 4464 angulo
1912 4383 2003 4452 uteri

424 4497 652 4571 membranas
674 4493 785 4564 subiit
809 4493 869 4562 hie
894 4493 1040 4580 ductus,
1075 4493 1185 4564 ,oculo
1209 4517 1306 4566 nunc
1331 4519 1481 4588 prorsus
1504 4523 1542 4570 ae
1565 4499 1744 4599 subducit,
1769 4507 1820 4580 ita
1845 4514 2005 4605 quidem,

422 4643 465 4706 ut
489 4631 564 4727 ejus
587 4630 798 4704 ulteriorem
821 4629 1016 4701 decursum
1038 4650 1085 4701 ne
1109 4631 1274 4705 diuinare
1298 4631 1446 4726 quidem
1470 4637 1658 4731 possimus
