4390 5710
855 479 1072 524 secu·
1441 541 1444 550 Ι
1685 469 1690 480 “
1714 467 1764 552 533

193 675 340 771 porsin-
393 665 503 738 Parte
524 663 690 734 inferiori
721 662 986 757 prominentiae
1011 663 1185 734 dexterae
1215 625 1316 732 sedet
1340 667 1516 758 perquam
1547 668 1666 745 massa
1692 699 1763 772 ap.

191 811 348 906 pendia,
388 828 478 896 quae
517 813 658 895 partem
701 801 760 868 ani
798 801 974 890 continet,
1031 795 1080 868 et¹
1117 823 1377 892 nunnunquam
1408 805 1559 874 retensis
1590 819 1626 878 et
1650 812 1764 886 indu.

189 948 279 1018 ratis
300 939 458 1012 faecibus
484 941 529 1008 od
556 937 837 1028 magnitudinem
876 936 1107 1038 conspicuam
1148 937 1335 1016 increscit,
1377 961 1469 1028 quae
1511 962 1585 1012 non
1623 949 1762 1033 minuiq

188 1093 250 1152 tur
274 1067 345 1148 nisi
378 1075 553 1184 dolorosis
592 1071 839 1142 conaminibus
870 1046 952 1164 post
983 1073 1135 1163 gemitus
1166 1071 1343 1166 fletusque
1388 1079 1573 1147 susurratio
1613 1095 1760 1174 proces.

185 1216 281 1288 serit.
356 1211 570 1304 Supradicta
595 1209 856 1306 prominentia,
896 1206 961 1277 sub
987 1218 1112 1276 monte
1153 1210 1297 1280 veneris
1338 1221 1493 1300 exstans,
1524 1237 1629 1286 verus
1655 1222 1760 1312 penis

182 1321 258 1442 ¹ast,
285 1373 334 1436 ac
352 1349 536 1442 paulisper
562 1346 667 1428 solito
693 1345 833 1446 utinm
855 1342 995 1428 „desinit
1026 1345 1062 1414 in
1088 1343 1257 1436 glandem
1281 1345 1390 1444 modo
1415 1349 1600 1420 ordinario
1624 1353 1760 1430 sorma-

183 1501 258 1559 tam
285 1484 509 1579 praeciputio
525 1481 717 1568 obtectam,
744 1481 841 1572 quod
858 1477 1018 1571 perfecte
1042 1480 1258 1572 restringere
1284 1504 1404 1574 queas.
1430 1481 1495 1556 Ast
1520 1509 1636 1582 prope
1654 1489 1758 1564 frae-

187 1626 333 1714 nnlum,
381 1623 477 1712 quud
505 1617 652 1686 omnino
687 1617 807 1704 deest,
847 1615 947 1706 glans
977 1625 1030 1683 est
1063 1615 1194 1703 divisa,
1234 1627 1270 1685 et
1301 1617 1381 1688 loco
1412 1621 1551 1692 orificii‘
1572 1627 1754 1723 methrae,

180 1763 295 1851 nragis
325 1769 523 1827 retrorsum
555 1755 633 1842 siti,
660 1753 884 1849 conspicitur
915 1749 1046 1844 sulcus,
1073 1751 1161 1844 quin
1192 1751 1382 1824 minimum
1410 1745 1578 1830 uretlrrae
1604 1766 1783 1859 uestigi..¹

181 1921 244 1968 usu
269 1891 508 1966 animadverti
531 1891 656 1984 possit·

177 2319 187 2336 Ι
275 2225 413 2296 Nutatu
454 2221 698 2318 dignissimum
739 2222 817 2292 sina
850 2217 1056 2291 dubiu'est
1094 2221 1275 2314 quoddam
1306 2215 1491 2296 'orifimum
1539 2199 1685 2303 circiter
1725 2231 1750 2309 6

173 2365 350 2434 linearum
389 2349 532 2452 longum
574 2370 610 2428 ct
650 2357 809 2430 [alatum
833 2359 918 2448 pani
949 2355 1118 2448 proxime
1143 2367 1305 2446 exstans,
1352 2361 1519 2452 intusque
1535 2353 1648 2438 =roseo
1680 2394 1748 2442 co..

172 2501 249 2570 lorc
274 2499 438 2568 tinctum.
489 2495 547 2564 Ex
572 2494 633 2564 illo
658 2493 865 2586 perenniter
891 2493 995 2559 irrina
1020 2503 1162 2578 manat,
1203 2503 1240 2562 et
1272 2493 1330 2564 vix
1362 2517 1523 2588 uuquam
1549 2501 1639 2572 illud
1665 2507 1747 2578 atil.

170 2635 320 2706 liuidum
345 2633 633 2724 interrumpitur.
684 2627 955 2718 Nonnunquam
981 2627 1146 2720 parcius,
1184 2649 1256 2698 non
1289 2652 1375 2704 raro
1407 2634 1587 2724 copiosius
1617 2621 1747 2714 couse-

171 2771 312 2864 quitur,
352 2789 527 2859 persaepe
560 2767 668 2835 etium
699 2763 810 2832 fluida
852 2764 1029 2855 quaedam
1061 2773 1292 2834 excrementa
1331 2767 1368 2832 in
1401 2767 1560 2838 colorem
1593 2773 1747 2851 viridem

170 2929 272 2977 versa
298 2902 460 2972 admixta
486 2911 578 2990 arant.
629 2899 667 2965 Si
692 2899 903 3008 prominens
932 2897 994 2966 illa
1020 2897 1206 2987 appendix
1237 2899 1519 2990 comprimatur,
1557 2905 1638 3000 plus
1661 2911 1743 2995 saa-

169 3042 263 3108 cinm
290 3059 357 3131 per
383 3035 477 3104 istud
506 3033 688 3126 orificium
713 3033 807 3118 abit,
847 3033 943 3120 quod
970 3041 1023 3098 est
1054 3035 1253 3102 comruuuis
1284 3033 1344 3104 ria
1369 3039 1612 3114 evacuationis
1643 3050 1751 3130 vesi-‚-

167 3197 231 3246 cae
257 3171 441 3242 urinariao
466 3177 503 3239 et
528 3168 608 3256 ani,
633 3189 811 3258 nusquam
836 3165 933 3234 euim
959 3164 1029 3236 alia
1055 3177 1226 3258 apertura
1251 3145 1370 3262 detegi
1394 3183 1523 3264 potest.

262 3503 356 3576 Nan
385 3497 616 3572 carneadem
643 3498 722 3592 ipsa
755 3497 848 3568 rima
878 3519 947 3590 pro
980 3507 1149 3590 apertura
1181 3499 1332 3592 vagatae
1365 3501 1549 3612 muliebris
1573 3501 1741 3588 habeba>-
1820 3505 1830 3514 ’

163 3657 241 3734 tur,
266 3641 407 3726 nescio,
433 3661 479 3706 an
506 3659 578 3706 non
604 3635 778 3728 suspicari
805 3633 929 3720 liceat,
955 3633 1048 3702 hunc
1074 3637 1168 3708 viam
1196 3637 1241 3704 ad
1267 3647 1410 3708 uterum
1437 3643 1629 3734 quemdam
1652 3673 1737 3746 par.
1870 3697 1879 3710 .

161 3753 313 3868 ducere,
338 3783 374 3846 et
399 3773 598 3866 subjectum
624 3771 910 3844 enumerandum
935 3793 1010 3870 ease
1033 3761 1348 3866 hermaphroditis.
1742 3740 1747 3765 κ

257 4113 302 4186 Iu
325 4111 396 4184 huc
421 4131 506 4180 casu
529 4105 671 4178 trifaria
696 4103 904 4195 ,deformitas
928 4103 1033 4178 amit
1061 4101 1176 4176 adest:
1212 4099 1300 4176 unio
1332 4107 1503 4184 uretlrrae
1527 4123 1564 4184 et
1589 4115 1667 4208 ani,
1699 4131 1737 4190 at

156 4252 246 4324 situs
274 4250 353 4342 ‘ejus
381 4245 559 4318 insolitus.
608 4219 801 4312 Caeterum
831 4243 1018 4316 character
1057 4243 1197 4338 generis
1236 4242 1349 4316 virilis
1389 4245 1588 4320 luculenter
1619 4273 1735 4344 praa·

157 4387 274 4476 rdet,
326 4385 411 4456 licet
442 4361 623 4454 orificium
673 4377 851 4478 neuras,
897 4379 1057 4460 nauali
1100 4377 1241 4458 toruae
1271 4359 1493 4477 repugnans,
1524 4384 1731 4484 &sulutem

155 4521 373 4622 procreandi
393 4521 571 4620 impedire
594 4481 773 4594 rideatur.
1549 4485 1561 4500 ⁸
1833 4493 1840 4502 ’

936 4707 1083 4852 Ι(υ),
