4390 5710
453 486 523 556 259
1139 484 1358 532 Just

451 678 572 745 oritur
610 677 699 743 aute
729 669 818 739 ossis
850 666 1001 760 coccigis
1039 687 1270 756 mucronem3
1306 678 1348 736 et
1384 667 1525 738 initium
1560 668 1634 756 e'jus
1668 667 1783 738 librae
1814 673 2031 746 muscularcs

453 808 671 905 sphincterIs
697 808 808 878 modo
830 804 1058 875 ¹circumdant
1081 803 1278 896 praecipue
1304 804 1350 874 ab
1372 805 1464 874 .ossis
1488 805 1641 896 coccigis
1667 818 1789 896 parta3
1820 818 1904 875 tunc
1927 835 2034 881 muco

452 949 618 1020 subflavo
666 945 786 1043 spisso
833 965 1026 1038 crassoque
1061 940 1228 1032 impletus
1260 951 1388 1036 utpote
1422 938 1457 1008 in
1492 963 1661 1030 processu
1694 944 1940 1014 vermicularis
1963 948 2037 1020 coli

455 1084 661 1173 invenitur,
683 1091 870 1150 tortuosus
894 1079 932 1148 in
959 1078 1074 1170 pelvis
1099 1076 1211 1148 latere
1239 1077 1388 1151 sinistro
1415 1077 1594 1164 ascendit,
1634 1090 1670 1146 et
1697 1080 1734 1146 iu
1760 1079 2038 1168 synclsondrosis

454 1219 714 1295 sacro-iliacae
737 1225 843 1312 parte
864 1213 1047 1310 superiori
1077 1211 1159 1281 sinu
1188 1235 1301 1316 coeco
1325 1213 1476 1302 desinit3
1516 1213 1604 1282 alter
1629 1236 1819 1310 processus
1843 1215 2039 1288 vermisor-

460 1357 529 1428 nris
555 1327 667 1428 uuum
692 1351 859 1446 pollicem
887 1360 921 1417 et
947 1346 1135 1419 dimidium
1159 1358 1300 1418 tantum
1324 1347 1470 1442 longus,
1495 1351 1726 1442 praecedeuti
1753 1352 1871 1422 minus
1892 1376 2037 1446 quoque

455 1513 596 1566 crassus
622 1489 739 1562 oritur
766 1486 874 1555 etiam
903 1509 989 1557 cum
1018 1485 1161 1555 orificio
1191 1492 1346 1558 externo
1381 1487 1487 1584 plicis
1511 1487 1749 1556 >circularibus
1777 1485 1854 1555 sere
1881 1489 2035 1580 obtecto,

456 1628 525 1704 ‚sed
556 1625 670 1720 magis
697 1634 904 1697 ,antrorsum
938 1623 1240 1712 dextrorsumque
1274 1644 1400 1692 versus
1422 1647 1446 1692 e
1472 1635 1613 1692 tumore
1641 1621 1863 1692 scrotisouni
1889 1624 2036 1716 plicato,

460 1774 496 1834 et
518 1761 705 1861 usquead
727 1759 818 1830 ossis
832 1759 925 1830 sacri
951 1758 1223 1829 excasationem
1244 1760 1424 1846 ascendit3
1448 1761 1577 1828 tertius
1592 1770 1628 1827 et
1652 1757 1822 1830 minimus
1844 1783 2032 1854 processus

456 1894 744 1972 intestinisormis
765 1906 889 1971 autem
911 1917 1026 1966 unum
1051 1901 1194 1966 tanturn
1216 1895 1386 1990 pollicem
1408 1894 1559 1985 longus,
1583 1896 1702 1966 tenuis
1726 1896 1902 1988 exilisque
1923 1901 2035 1970 etiam

459 2033 655 2109 atumoris
680 2031 824 2125 plicati,
848 2040 1005 2100 scrotum
1042 2028 1250 2118 referentis,
1276 2029 1368 2102 facie
1392 2029 1535 2099 interna
1561 2032 1693 2120 oritur,
1712 2032 1858 2102 orificio
1883 2047 2034 2110 externo

458 2173 590 2266 exiguo
615 2168 814 2263 praeditus,
839 2167 903 2244 sed
928 2167 1042 2258 magis
1067 2175 1272 2236 antrorsum
1303 2167 1489 2260 magisque
1513 2165 1634 2235 adhuc
1654 2139 1891 2238 'dextrorsum
1917 2192 2034 2242 versus

457 2312 520 2383 vix
543 2327 617 2380 uon
641 2306 681 2377 iu
705 2302 873 2376 sumitate
895 2301 1049 2373 tumoris
1072 2322 1169 2392 poue
1196 2299 1449 2395 proboscidem
1473 2301 1735 2396 peuilormenv,
1759 2303 1973 2399 plerumque
1999 2310 2033 2380 iu

458 2468 562 2515 succo
585 2440 725 2512 tumido
752 2441 830 2537 ipse
853 2448 988 2528 manet,
1013 2438 1148 2530 vixque
1169 2459 1214 2506 -os
1234 2439 1389 2528 coccigis
1414 2439 1569 2531 attingit.
1620 2437 1750 2508 Vesica
1772 2444 1923 2514 omuino
1938 2446 2031 2515 nulla

459 2576 737 2668 observabatur,
773 2586 828 2646 ast
857 2577 978 2667 potius
1014 2572 1132 2645 vesica
1162 2571 1325 2644 urinaria
1356 2575 1395 2647 in
1421 2599 1489 2645 ‚suo
1514 2577 1654 2668 pariete
1678 2587 1819 2647 tantum
1844 2582 2034 2672 posteriori

459 2717 631 2805 formata,
654 2714 764 2788 modo
792 2736 814 2781 a
839 2710 955 2784 Vosiu
977 2709 1180 2804 descripto,
1214 2709 1361 2801 insuper
1378 2721 1434 2780 est
1458 2713 1590 2799 divisa,
1626 2713 1725 2780 etin
1751 2709 1953 2786 abdominis
1979 2743 2032 2788 su·

458 2829 608 2944 perficis
633 2860 785 2921 externa
806 2848 872 2918 sub
898 2847 1016 2919 forma
1043 2867 1239 2941 corporvun
1272 2845 1415 2916 illorum
1441 2848 1862 2941 spongioso-torosorum
1886 2853 2034 2944 adjacet,

460 2987 547 3077 qnia
569 3006 696 3056 renum
721 2983 926 3053 lobatorum
958 2993 1120 3052 ureteres
1150 2973 1207 3050 sat
1236 2981 1416 3050 normales
1448 2984 1590 3052 urinam
1617 2984 1765 3054 orificiis
1796 2986 1962 3058 ovalibus
1999 2991 2033 3058 in

458 3123 602 3193 illorum
627 3143 822 3218 corporum
844 3129 949 3220 parte
975 3117 1138 3191 inferiori
1170 3116 1283 3214 plicas
1306 3119 1569 3215 nymplvoideas
1604 3143 1744 3190 versum
1770 3122 1988 3193 emittebant.

559 3396 738 3469 ‘l'csticuli
768 3420 854 3466 curn
886 3393 1195 3488 epydidymitibus
1233 3395 1270 3462 in
1309 3395 1418 3464 scroti
1449 3395 1557 3468 divisi
1585 3399 1701 3468 saccis
1733 3400 1893 3468 contenti
1924 3404 2032 3477 exiles

461 3532 627 3627 quidem,
651 3531 937 3602 conforrnatione
962 3543 1082 3599 tamen
1108 3529 1262 3599 naturali
1287 3533 1507 3622 gaudebant3
1539 3559 1730 3628 processus
1753 3538 1955 3630 peritonaei
1979 3541 2034 3612 va·

459 3671 588 3764 ginalis
613 3668 731 3740 adhuc
763 3667 922 3762 undique
954 3677 1100 3758 apertus
1130 3665 1398 3738 inveniebatur.·
1439 3669 1580 3739 Ductus
1611 3671 1817 3742 deserentes
1847 3673 1951 3744 valde
1974 3687 2032 3746 te-

460 3831 570 3892 nues,
594 3805 671 3876 sere
694 3803 798 3874 solidi
831 3801 1076 3902 apparebunt;
1113 3804 1163 3874 ita
1187 3813 1228 3874 ut
1260 3814 1372 3876 aetatu
1397 3804 1536 3874 suillam
1575 3806 1722 3880 difficile
1746 3818 1888 3878 tantum
1912 3810 1951 3878 in
1975 3834 2034 3882 eos

461 3941 655 4025 introduci,
680 3950 715 4008 et
740 3940 776 4007 iu
804 3939 1015 4030 quibusdam
1040 3939 1126 4008 locis
1151 3940 1299 4010 omnino
1324 3962 1398 4010 non
1423 3942 1567 4014 inunitti
1592 3943 1824 4038 potuerimus.
1875 3943 1927 4015 Hi
1942 3947 2033 4018 duc-

460 4089 517 4153 tus
544 4074 740 4146 ascendunt
765 4097 783 4142 e
809 4084 927 4142 scroto
953 4073 1073 4144 labiali
1098 4099 1163 4170 per
1189 4078 1361 4147 annulum
1387 4075 1648 4150 abdomiualem
1671 4081 1873 4152 reflexione
1900 4083 2032 4155 circum

460 4236 600 4284 ramum
627 4211 758 4282 ossium
784 4209 889 4304 pubis
914 4211 1174 4282 lrorizontalem
1200 4213 1294 4284 facta
1324 4213 1361 4282 in
1385 4213 1532 4306 regione
1555 4239 1683 4287 eorum
1708 4219 2031 4312 praeternaturali-

460 4363 516 4420 ter
542 4349 738 4420 divisorum
763 4349 1003 4418 intumescunt
1030 4349 1131 4440 quasi
1155 4349 1326 4423 vesiculas
1359 4351 1545 4422 seminales
1568 4353 1808 4444 aemulantem
1840 4355 1916 4425 imo
1941 4357 2031 4426 duc-

465 4497 524 4556 tus
558 4487 677 4555 dextri
719 4484 990 4553 intumescentia
1024 4465 1158 4556 format
1201 4486 1239 4556 iu
1271 4486 1385 4557 latere
1416 4488 1558 4562 interno
1590 4491 1828 4585 appendicem
1856 4494 2033 4590 quandam

462 4646 607 4692 coccam
639 4620 811 4694 vesiculas
847 4622 1036 4693 seminales
1071 4622 1276 4718 embryonis
1308 4648 1356 4696 ex
1392 4627 1499 4698 tertio
1537 4637 1599 4703 aut
1641 4638 1770 4718 quarto
1812 4629 2037 4724 gravidiraus
