<?xml version="1.0" encoding="UTF-8"?>
<!DOCTYPE html PUBLIC "-//W3C//DTD XHTML 1.0 Transitional//EN"
    "http://www.w3.org/TR/xhtml1/DTD/xhtml1-transitional.dtd">
<html xmlns="http://www.w3.org/1999/xhtml" xml:lang="en" lang="en">
 <head>
  <title>
</title>
<meta http-equiv="Content-Type" content="text/html;charset=utf-8" />
  <meta name='ocr-system' content='tesseract 3.04.00' />
  <meta name='ocr-capabilities' content='ocr_page ocr_carea ocr_par ocr_line ocrx_word'/>
</head>
<body>
  <div class='ocr_page' id='page_1' title='image "./dehermaphrodito00steggoog_0078.png"; bbox 0 0 4390 5710; ppageno 0'>
   <div class='ocr_carea' id='block_1_1' title="bbox 841 477 1734 562">
    <p class='ocr_par' dir='ltr' id='par_1_1' title="bbox 841 477 1734 562">
     <span class='ocr_line' id='line_1_1' title="bbox 841 477 1734 562; baseline 0 -29"><span class='ocrx_word' id='word_1_1' title='bbox 841 485 1057 534; x_wconf 62' lang='lat' dir='ltr'><strong>war-t·</strong></span> <span class='ocrx_word' id='word_1_2' title='bbox 1408 547 1416 562; x_wconf 26' lang='grc' dir='ltr'><strong>ι</strong></span> <span class='ocrx_word' id='word_1_3' title='bbox 1687 477 1734 552; x_wconf 76' lang='grc'><strong>65</strong></span> 
     </span>
    </p>
   </div>
   <div class='ocr_carea' id='block_1_2' title="bbox 59 651 1803 2390">
    <p class='ocr_par' dir='ltr' id='par_1_2' title="bbox 59 651 1803 2390">
     <span class='ocr_line' id='line_1_2' title="bbox 255 651 1733 768; baseline -0.001 -18"><span class='ocrx_word' id='word_1_4' title='bbox 255 667 392 750; x_wconf 72' lang='lat' dir='ltr'><strong>Versus</strong></span> <span class='ocrx_word' id='word_1_5' title='bbox 424 651 657 768; x_wconf 85' lang='lat' dir='ltr'><strong>septimanam</strong></span> <span class='ocrx_word' id='word_1_6' title='bbox 691 672 867 744; x_wconf 82' lang='lat' dir='ltr'><strong>decimam</strong></span> <span class='ocrx_word' id='word_1_7' title='bbox 899 681 1065 766; x_wconf 80' lang='lat' dir='ltr'><strong>quartam</strong></span> <span class='ocrx_word' id='word_1_8' title='bbox 1102 665 1312 746; x_wconf 76' lang='lat' dir='ltr'><strong>laodamia</strong></span> <span class='ocrx_word' id='word_1_9' title='bbox 1343 673 1506 768; x_wconf 81' lang='lat' dir='ltr'><strong>pluribus</strong></span> <span class='ocrx_word' id='word_1_10' title='bbox 1537 675 1733 750; x_wconf 82' lang='lat' dir='ltr'><strong>individuis</strong></span> 
     </span>
     <span class='ocr_line' id='line_1_3' title="bbox 156 787 864 907; baseline -0.008 -21"><span class='ocrx_word' id='word_1_11' title='bbox 156 815 335 907; x_wconf 77' lang='lat' dir='ltr'><strong>margines</strong></span> <span class='ocrx_word' id='word_1_12' title='bbox 359 815 472 882; x_wconf 89' lang='lat' dir='ltr'><strong>rimae</strong></span> <span class='ocrx_word' id='word_1_13' title='bbox 498 795 749 905; x_wconf 79' lang='lat' dir='ltr'><strong>pudentibrum</strong></span> <span class='ocrx_word' id='word_1_14' title='bbox 777 787 864 880; x_wconf 84' lang='lat' dir='ltr'><strong>tumr</strong></span> 
     </span>
     <span class='ocr_line' id='line_1_4' title="bbox 150 935 1729 1040; baseline 0.001 -20"><span class='ocrx_word' id='word_1_15' title='bbox 150 951 227 1020; x_wconf 90' lang='lat' dir='ltr'><strong>lum</strong></span> <span class='ocrx_word' id='word_1_16' title='bbox 251 949 443 1018; x_wconf 82' lang='lat' dir='ltr'><strong>formando</strong></span> <span class='ocrx_word' id='word_1_17' title='bbox 468 955 707 1018; x_wconf 88' lang='lat' dir='ltr'><strong>conascuntur</strong></span> <span class='ocrx_word' id='word_1_18' title='bbox 730 946 775 1014; x_wconf 55' lang='lat' dir='ltr'><strong>in*</strong></span> <span class='ocrx_word' id='word_1_19' title='bbox 793 945 997 1034; x_wconf 85' lang='lat' dir='ltr'><strong>urethram,</strong></span> <span class='ocrx_word' id='word_1_20' title='bbox 1036 935 1129 1036; x_wconf 66' lang='lat' dir='ltr'><strong>quae</strong></span> <span class='ocrx_word' id='word_1_21' title='bbox 1155 967 1250 1016; x_wconf 88' lang='lat' dir='ltr'><strong>nune</strong></span> <span class='ocrx_word' id='word_1_22' title='bbox 1282 946 1387 1040; x_wconf 85' lang='lat' dir='ltr'><strong>plicis</strong></span> <span class='ocrx_word' id='word_1_23' title='bbox 1412 947 1572 1018; x_wconf 87' lang='lat' dir='ltr'><strong>cataneis</strong></span> <span class='ocrx_word' id='word_1_24' title='bbox 1597 947 1634 1016; x_wconf 91' lang='lat' dir='ltr'><strong>in</strong></span> <span class='ocrx_word' id='word_1_25' title='bbox 1661 969 1729 1020; x_wconf 52' lang='lat' dir='ltr'><strong>su·t</strong></span> 
     </span>
     <span class='ocr_line' id='line_1_5' title="bbox 92 1078 1803 1172; baseline -0.001 -18"><span class='ocrx_word' id='word_1_26' title='bbox 92 1153 100 1162; x_wconf 87' lang='grc'><strong><em>,</em></strong></span> <span class='ocrx_word' id='word_1_27' title='bbox 151 1099 268 1154; x_wconf 89' lang='lat' dir='ltr'><strong>turam</strong></span> <span class='ocrx_word' id='word_1_28' title='bbox 295 1081 517 1167; x_wconf 75' lang='lat' dir='ltr'><strong>distinctam,</strong></span> <span class='ocrx_word' id='word_1_29' title='bbox 567 1079 707 1172; x_wconf 85' lang='lat' dir='ltr'><strong>raphon</strong></span> <span class='ocrx_word' id='word_1_30' title='bbox 732 1081 782 1150; x_wconf 87' lang='lat' dir='ltr'><strong>sic</strong></span> <span class='ocrx_word' id='word_1_31' title='bbox 808 1083 972 1166; x_wconf 86' lang='lat' dir='ltr'><strong>ductam,</strong></span> <span class='ocrx_word' id='word_1_32' title='bbox 1000 1081 1174 1150; x_wconf 80' lang='lat' dir='ltr'><strong>connexis</strong></span> <span class='ocrx_word' id='word_1_33' title='bbox 1197 1078 1398 1172; x_wconf 72' lang='lat' dir='ltr'><strong>obtegitur,</strong></span> <span class='ocrx_word' id='word_1_34' title='bbox 1441 1082 1478 1152; x_wconf 90' lang='lat' dir='ltr'><strong>in</strong></span> <span class='ocrx_word' id='word_1_35' title='bbox 1504 1079 1583 1150; x_wconf 88' lang='lat' dir='ltr'><strong>aliis</strong></span> <span class='ocrx_word' id='word_1_36' title='bbox 1608 1093 1729 1156; x_wconf 89' lang='lat' dir='ltr'><strong>autem</strong></span> <span class='ocrx_word' id='word_1_37' title='bbox 1790 1093 1803 1106; x_wconf 85' lang='grc'><strong>““</strong></span> 
     </span>
     <span class='ocr_line' id='line_1_6' title="bbox 146 1191 1729 1323; baseline 0.001 -35"><span class='ocrx_word' id='word_1_38' title='bbox 146 1219 342 1289; x_wconf 85' lang='lat' dir='ltr'><strong>individuis</strong></span> <span class='ocrx_word' id='word_1_39' title='bbox 377 1213 598 1306; x_wconf 78' lang='lat' dir='ltr'><strong>marginibus</strong></span> <span class='ocrx_word' id='word_1_40' title='bbox 637 1214 715 1300; x_wconf 68' lang='lat' dir='ltr'><strong>iltis,</strong></span> <span class='ocrx_word' id='word_1_41' title='bbox 746 1215 784 1284; x_wconf 91' lang='lat' dir='ltr'><strong>in</strong></span> <span class='ocrx_word' id='word_1_42' title='bbox 809 1216 1010 1308; x_wconf 74' lang='lat' dir='ltr'><strong>puellarum</strong></span> <span class='ocrx_word' id='word_1_43' title='bbox 1053 1216 1268 1323; x_wconf 81' lang='lat' dir='ltr'><strong>formatione</strong></span> <span class='ocrx_word' id='word_1_44' title='bbox 1293 1218 1520 1309; x_wconf 78' lang='lat' dir='ltr'><strong>progressiva</strong></span> <span class='ocrx_word' id='word_1_45' title='bbox 1545 1191 1729 1316; x_wconf 80' lang='lat' dir='ltr'><strong>nymphae</strong></span> 
     </span>
     <span class='ocr_line' id='line_1_7' title="bbox 147 1349 1726 1444; baseline 0.003 -20"><span class='ocrx_word' id='word_1_46' title='bbox 147 1355 377 1425; x_wconf 77' lang='lat' dir='ltr'><strong>excoluntur.</strong></span> <span class='ocrx_word' id='word_1_47' title='bbox 426 1350 594 1439; x_wconf 75' lang='lat' dir='ltr'><strong>Attamen</strong></span> <span class='ocrx_word' id='word_1_48' title='bbox 620 1349 689 1420; x_wconf 87' lang='lat' dir='ltr'><strong>boc</strong></span> <span class='ocrx_word' id='word_1_49' title='bbox 714 1359 879 1444; x_wconf 86' lang='lat' dir='ltr'><strong>tempore</strong></span> <span class='ocrx_word' id='word_1_50' title='bbox 904 1351 943 1420; x_wconf 92' lang='lat' dir='ltr'><strong>in</strong></span> <span class='ocrx_word' id='word_1_51' title='bbox 978 1351 1141 1422; x_wconf 80' lang='lat' dir='ltr'><strong>inferiori</strong></span> <span class='ocrx_word' id='word_1_52' title='bbox 1167 1353 1271 1444; x_wconf 88' lang='lat' dir='ltr'><strong>penis</strong></span> <span class='ocrx_word' id='word_1_53' title='bbox 1307 1353 1483 1422; x_wconf 86' lang='lat' dir='ltr'><strong>clitoridei</strong></span> <span class='ocrx_word' id='word_1_54' title='bbox 1516 1351 1608 1424; x_wconf 81' lang='lat' dir='ltr'><strong>facie</strong></span> <span class='ocrx_word' id='word_1_55' title='bbox 1632 1358 1726 1428; x_wconf 90' lang='lat' dir='ltr'><strong>rima</strong></span> 
     </span>
     <span class='ocr_line' id='line_1_8' title="bbox 144 1450 1726 1594; baseline 0.003 -35"><span class='ocrx_word' id='word_1_56' title='bbox 144 1489 336 1560; x_wconf 88' lang='lat' dir='ltr'><strong>urethralis</strong></span> <span class='ocrx_word' id='word_1_57' title='bbox 362 1485 408 1556; x_wconf 89' lang='lat' dir='ltr'><strong>ad</strong></span> <span class='ocrx_word' id='word_1_58' title='bbox 430 1450 600 1581; x_wconf 80' lang='lat' dir='ltr'><strong>glandem</strong></span> <span class='ocrx_word' id='word_1_59' title='bbox 626 1507 739 1576; x_wconf 86' lang='lat' dir='ltr'><strong>usque</strong></span> <span class='ocrx_word' id='word_1_60' title='bbox 770 1488 953 1576; x_wconf 70' lang='lat' dir='ltr'><strong>excurrit,</strong></span> <span class='ocrx_word' id='word_1_61' title='bbox 993 1507 1086 1578; x_wconf 88' lang='lat' dir='ltr'><strong>quaa</strong></span> <span class='ocrx_word' id='word_1_62' title='bbox 1121 1495 1239 1554; x_wconf 85' lang='lat' dir='ltr'><strong>autem</strong></span> <span class='ocrx_word' id='word_1_63' title='bbox 1275 1495 1512 1594; x_wconf 70' lang='lat' dir='ltr'><strong>septiumnam</strong></span> <span class='ocrx_word' id='word_1_64' title='bbox 1548 1479 1726 1564; x_wconf 81' lang='lat' dir='ltr'><strong>decimam</strong></span> 
     </span>
     <span class='ocr_line' id='line_1_9' title="bbox 146 1621 1726 1720; baseline 0.003 -26"><span class='ocrx_word' id='word_1_65' title='bbox 146 1627 306 1720; x_wconf 85' lang='lat' dir='ltr'><strong>quintam</strong></span> <span class='ocrx_word' id='word_1_66' title='bbox 333 1621 391 1696; x_wconf 85' lang='lat' dir='ltr'><strong>rel</strong></span> <span class='ocrx_word' id='word_1_67' title='bbox 416 1623 592 1692; x_wconf 89' lang='lat' dir='ltr'><strong>decimam</strong></span> <span class='ocrx_word' id='word_1_68' title='bbox 619 1631 758 1692; x_wconf 81' lang='lat' dir='ltr'><strong>sextam</strong></span> <span class='ocrx_word' id='word_1_69' title='bbox 783 1643 908 1694; x_wconf 81' lang='lat' dir='ltr'><strong>versuo</strong></span> <span class='ocrx_word' id='word_1_70' title='bbox 933 1622 1089 1714; x_wconf 83' lang='lat' dir='ltr'><strong>denique</strong></span> <span class='ocrx_word' id='word_1_71' title='bbox 1114 1621 1161 1690; x_wconf 88' lang='lat' dir='ltr'><strong>ad</strong></span> <span class='ocrx_word' id='word_1_72' title='bbox 1187 1621 1355 1712; x_wconf 85' lang='lat' dir='ltr'><strong>glandem</strong></span> <span class='ocrx_word' id='word_1_73' title='bbox 1381 1647 1493 1714; x_wconf 87' lang='lat' dir='ltr'><strong>usqae</strong></span> <span class='ocrx_word' id='word_1_74' title='bbox 1527 1628 1726 1698; x_wconf 84' lang='lat' dir='ltr'><strong>concrescit</strong></span> 
     </span>
     <span class='ocr_line' id='line_1_10' title="bbox 143 1739 1724 1852; baseline 0.001 -22"><span class='ocrx_word' id='word_1_75' title='bbox 143 1773 181 1830; x_wconf 87' lang='lat' dir='ltr'><strong>et</strong></span> <span class='ocrx_word' id='word_1_76' title='bbox 213 1761 265 1828; x_wconf 89' lang='lat' dir='ltr'><strong>sic</strong></span> <span class='ocrx_word' id='word_1_77' title='bbox 299 1759 518 1830; x_wconf 88' lang='lat' dir='ltr'><strong>anteriorem</strong></span> <span class='ocrx_word' id='word_1_78' title='bbox 553 1779 697 1849; x_wconf 90' lang='lat' dir='ltr'><strong>quoque</strong></span> <span class='ocrx_word' id='word_1_79' title='bbox 740 1757 910 1828; x_wconf 83' lang='lat' dir='ltr'><strong>uretbrae</strong></span> <span class='ocrx_word' id='word_1_80' title='bbox 948 1739 1090 1849; x_wconf 78' lang='lat' dir='ltr'><strong>partem</strong></span> <span class='ocrx_word' id='word_1_81' title='bbox 1126 1753 1291 1847; x_wconf 83' lang='lat' dir='ltr'><strong>undique</strong></span> <span class='ocrx_word' id='word_1_82' title='bbox 1327 1759 1512 1828; x_wconf 86' lang='lat' dir='ltr'><strong>constituit</strong></span> <span class='ocrx_word' id='word_1_83' title='bbox 1549 1759 1724 1852; x_wconf 85' lang='lat' dir='ltr'><strong>clausam,</strong></span> 
     </span>
     <span class='ocr_line' id='line_1_11' title="bbox 141 1892 1725 1992; baseline 0.003 -26"><span class='ocrx_word' id='word_1_84' title='bbox 141 1907 247 1992; x_wconf 88' lang='lat' dir='ltr'><strong>parte</strong></span> <span class='ocrx_word' id='word_1_85' title='bbox 263 1893 659 1986; x_wconf 85' lang='lat' dir='ltr'><strong>illaglaudisexcepta,</strong></span> <span class='ocrx_word' id='word_1_86' title='bbox 685 1892 839 1982; x_wconf 88' lang='lat' dir='ltr'><strong>ubiejns</strong></span> <span class='ocrx_word' id='word_1_87' title='bbox 864 1903 1036 1986; x_wconf 87' lang='lat' dir='ltr'><strong>apertura</strong></span> <span class='ocrx_word' id='word_1_88' title='bbox 1053 1893 1224 1964; x_wconf 80' lang='lat' dir='ltr'><strong>occurrit.</strong></span> <span class='ocrx_word' id='word_1_89' title='bbox 1275 1893 1409 1962; x_wconf 88' lang='lat' dir='ltr'><strong>Sutura</strong></span> <span class='ocrx_word' id='word_1_90' title='bbox 1434 1917 1498 1963; x_wconf 86' lang='lat' dir='ltr'><strong>seu</strong></span> <span class='ocrx_word' id='word_1_91' title='bbox 1523 1895 1649 1988; x_wconf 83' lang='lat' dir='ltr'><strong>replre,</strong></span> <span class='ocrx_word' id='word_1_92' title='bbox 1676 1921 1725 1970; x_wconf 87' lang='lat' dir='ltr'><strong>ex</strong></span> 
     </span>
     <span class='ocr_line' id='line_1_12' title="bbox 139 2027 1716 2134; baseline 0.002 -33"><span class='ocrx_word' id='word_1_93' title='bbox 139 2031 400 2120; x_wconf 86' lang='lat' dir='ltr'><strong>conjunctione·</strong></span> <span class='ocrx_word' id='word_1_94' title='bbox 416 2028 592 2120; x_wconf 88' lang='lat' dir='ltr'><strong>plicarum</strong></span> <span class='ocrx_word' id='word_1_95' title='bbox 616 2039 852 2100; x_wconf 78' lang='lat' dir='ltr'><strong>cotoneorum</strong></span> <span class='ocrx_word' id='word_1_96' title='bbox 876 2028 1181 2134; x_wconf 79' lang='lat' dir='ltr'><strong>rimae,genitalia</strong></span> <span class='ocrx_word' id='word_1_97' title='bbox 1205 2037 1305 2114; x_wconf 86' lang='lat' dir='ltr'><strong>orta,</strong></span> <span class='ocrx_word' id='word_1_98' title='bbox 1341 2027 1439 2098; x_wconf 80' lang='lat' dir='ltr'><strong>nunc</strong></span> <span class='ocrx_word' id='word_1_99' title='bbox 1471 2029 1517 2098; x_wconf 88' lang='lat' dir='ltr'><strong>ad</strong></span> <span class='ocrx_word' id='word_1_100' title='bbox 1550 2028 1716 2122; x_wconf 82' lang='lat' dir='ltr'><strong>glandem</strong></span> 
     </span>
     <span class='ocr_line' id='line_1_13' title="bbox 59 2159 1716 2258; baseline -0.004 -22"><span class='ocrx_word' id='word_1_101' title='bbox 59 2251 63 2258; x_wconf 27' lang='grc' dir='ltr'>Ι</span> <span class='ocrx_word' id='word_1_102' title='bbox 140 2187 254 2258; x_wconf 86' lang='lat' dir='ltr'><strong>usqne</strong></span> <span class='ocrx_word' id='word_1_103' title='bbox 277 2183 354 2234; x_wconf 88' lang='lat' dir='ltr'><strong>sesa</strong></span> <span class='ocrx_word' id='word_1_104' title='bbox 379 2161 543 2232; x_wconf 85' lang='lat' dir='ltr'><strong>extendit</strong></span> <span class='ocrx_word' id='word_1_105' title='bbox 567 2169 605 2230; x_wconf 90' lang='lat' dir='ltr'><strong>et</strong></span> <span class='ocrx_word' id='word_1_106' title='bbox 628 2161 695 2232; x_wconf 89' lang='lat' dir='ltr'><strong>sub</strong></span> <span class='ocrx_word' id='word_1_107' title='bbox 726 2161 845 2236; x_wconf 82' lang='lat' dir='ltr'><strong>forma</strong></span> <span class='ocrx_word' id='word_1_108' title='bbox 869 2171 905 2230; x_wconf 90' lang='lat' dir='ltr'><strong>et</strong></span> <span class='ocrx_word' id='word_1_109' title='bbox 937 2162 1083 2231; x_wconf 87' lang='lat' dir='ltr'><strong>nomino</strong></span> <span class='ocrx_word' id='word_1_110' title='bbox 1113 2159 1269 2232; x_wconf 83' lang='lat' dir='ltr'><strong>sraeauli</strong></span> <span class='ocrx_word' id='word_1_111' title='bbox 1300 2183 1397 2254; x_wconf 87' lang='lat' dir='ltr'><strong>poue</strong></span> <span class='ocrx_word' id='word_1_112' title='bbox 1421 2161 1591 2257; x_wconf 59' lang='lat' dir='ltr'><strong>ananum</strong></span> <span class='ocrx_word' id='word_1_113' title='bbox 1616 2166 1716 2241; x_wconf 83' lang='lat' dir='ltr'><strong>inse..</strong></span> 
     </span>
     <span class='ocr_line' id='line_1_14' title="bbox 136 2268 1083 2390; baseline -0.002 -20"><span class='ocrx_word' id='word_1_114' title='bbox 136 2303 272 2372; x_wconf 88' lang='lat' dir='ltr'><strong>riorem</strong></span> <span class='ocrx_word' id='word_1_115' title='bbox 297 2297 413 2368; x_wconf 88' lang='lat' dir='ltr'><strong>rimae</strong></span> <span class='ocrx_word' id='word_1_116' title='bbox 436 2268 520 2370; x_wconf 71' lang='lat' dir='ltr'><strong>sira</strong></span> <span class='ocrx_word' id='word_1_117' title='bbox 535 2310 728 2388; x_wconf 86' lang='lat' dir='ltr'><strong>aperturae</strong></span> <span class='ocrx_word' id='word_1_118' title='bbox 753 2294 918 2390; x_wconf 84' lang='lat' dir='ltr'><strong>genitalis</strong></span> <span class='ocrx_word' id='word_1_119' title='bbox 942 2296 1083 2368; x_wconf 88' lang='lat' dir='ltr'><strong>disenit.</strong></span> 
     </span>
    </p>
   </div>
   <div class='ocr_carea' id='block_1_3' title="bbox 133 2585 1715 3106">
    <p class='ocr_par' dir='ltr' id='par_1_3' title="bbox 133 2585 1715 3106">
     <span class='ocr_line' id='line_1_15' title="bbox 232 2585 1715 2693; baseline 0 -29"><span class='ocrx_word' id='word_1_120' title='bbox 232 2593 276 2664; x_wconf 92' lang='lat' dir='ltr'><strong>In</strong></span> <span class='ocrx_word' id='word_1_121' title='bbox 302 2591 433 2686; x_wconf 89' lang='lat' dir='ltr'><strong>puellis</strong></span> <span class='ocrx_word' id='word_1_122' title='bbox 456 2591 550 2662; x_wconf 89' lang='lat' dir='ltr'><strong>rima</strong></span> <span class='ocrx_word' id='word_1_123' title='bbox 574 2589 635 2662; x_wconf 89' lang='lat' dir='ltr'><strong>illa</strong></span> <span class='ocrx_word' id='word_1_124' title='bbox 659 2589 824 2693; x_wconf 73' lang='lat' dir='ltr'><strong>genitalis</strong></span> <span class='ocrx_word' id='word_1_125' title='bbox 855 2590 1039 2686; x_wconf 80' lang='lat' dir='ltr'><strong>primitita</strong></span> <span class='ocrx_word' id='word_1_126' title='bbox 1070 2613 1212 2685; x_wconf 86' lang='lat' dir='ltr'><strong>semper</strong></span> <span class='ocrx_word' id='word_1_127' title='bbox 1245 2598 1371 2684; x_wconf 87' lang='lat' dir='ltr'><strong>aperta</strong></span> <span class='ocrx_word' id='word_1_128' title='bbox 1402 2585 1612 2688; x_wconf 83' lang='lat' dir='ltr'><strong>permanet,</strong></span> <span class='ocrx_word' id='word_1_129' title='bbox 1652 2611 1715 2674; x_wconf 82' lang='lat' dir='ltr'><strong>at..</strong></span> 
     </span>
     <span class='ocr_line' id='line_1_16' title="bbox 133 2705 1712 2820; baseline 0.004 -17"><span class='ocrx_word' id='word_1_130' title='bbox 133 2745 254 2803; x_wconf 88' lang='lat' dir='ltr'><strong>tamen</strong></span> <span class='ocrx_word' id='word_1_131' title='bbox 285 2705 417 2798; x_wconf 81' lang='lat' dir='ltr'><strong>exinde</strong></span> <span class='ocrx_word' id='word_1_132' title='bbox 449 2749 526 2796; x_wconf 90' lang='lat' dir='ltr'><strong>non</strong></span> <span class='ocrx_word' id='word_1_133' title='bbox 559 2721 717 2804; x_wconf 84' lang='lat' dir='ltr'><strong>eruenda</strong></span> <span class='ocrx_word' id='word_1_134' title='bbox 748 2735 857 2820; x_wconf 87' lang='lat' dir='ltr'><strong>puto,</strong></span> <span class='ocrx_word' id='word_1_135' title='bbox 899 2751 991 2820; x_wconf 88' lang='lat' dir='ltr'><strong>quae</strong></span> <span class='ocrx_word' id='word_1_136' title='bbox 1025 2727 1124 2798; x_wconf 85' lang='lat' dir='ltr'><strong>Clar.</strong></span> <span class='ocrx_word' id='word_1_137' title='bbox 1148 2727 1246 2798; x_wconf 82' lang='lat' dir='ltr'><strong>Prof.</strong></span> <span class='ocrx_word' id='word_1_138' title='bbox 1277 2725 1506 2798; x_wconf 85' lang='lat' dir='ltr'><strong>Tiedemaun</strong></span> <span class='ocrx_word' id='word_1_139' title='bbox 1531 2731 1712 2810; x_wconf 79' lang='lat' dir='ltr'><strong>deducere</strong></span> 
     </span>
     <span class='ocr_line' id='line_1_17' title="bbox 133 2829 1707 2962; baseline -0.001 -28"><span class='ocrx_word' id='word_1_140' title='bbox 133 2867 231 2954; x_wconf 78' lang='lat' dir='ltr'><strong>uult,</strong></span> <span class='ocrx_word' id='word_1_141' title='bbox 252 2829 384 2954; x_wconf 76' lang='lat' dir='ltr'><strong>nempe</strong></span> <span class='ocrx_word' id='word_1_142' title='bbox 408 2859 578 2954; x_wconf 86' lang='lat' dir='ltr'><strong>genitalia</strong></span> <span class='ocrx_word' id='word_1_143' title='bbox 602 2860 794 2930; x_wconf 89' lang='lat' dir='ltr'><strong>muliebria</strong></span> <span class='ocrx_word' id='word_1_144' title='bbox 819 2861 873 2933; x_wconf 88' lang='lat' dir='ltr'><strong>nil</strong></span> <span class='ocrx_word' id='word_1_145' title='bbox 899 2884 976 2937; x_wconf 82' lang='lat' dir='ltr'><strong>esee</strong></span> <span class='ocrx_word' id='word_1_146' title='bbox 1008 2861 1077 2934; x_wconf 84' lang='lat' dir='ltr'><strong>nisi</strong></span> <span class='ocrx_word' id='word_1_147' title='bbox 1107 2860 1247 2932; x_wconf 77' lang='lat' dir='ltr'><strong>formae</strong></span> <span class='ocrx_word' id='word_1_148' title='bbox 1278 2861 1317 2928; x_wconf 91' lang='lat' dir='ltr'><strong>in</strong></span> <span class='ocrx_word' id='word_1_149' title='bbox 1349 2858 1523 2934; x_wconf 79' lang='lat' dir='ltr'><strong>inferiora</strong></span> <span class='ocrx_word' id='word_1_150' title='bbox 1555 2874 1707 2962; x_wconf 77' lang='lat' dir='ltr'><strong>organi.</strong></span> 
     </span>
     <span class='ocr_line' id='line_1_18' title="bbox 133 2971 1313 3106; baseline -0.007 -35"><span class='ocrx_word' id='word_1_151' title='bbox 133 2998 280 3072; x_wconf 78' lang='lat' dir='ltr'><strong>sadonis</strong></span> <span class='ocrx_word' id='word_1_152' title='bbox 303 2995 419 3106; x_wconf 80' lang='lat' dir='ltr'><strong>gradu</strong></span> <span class='ocrx_word' id='word_1_153' title='bbox 442 3003 620 3066; x_wconf 85' lang='lat' dir='ltr'><strong>retensae.</strong></span> <span class='ocrx_word' id='word_1_154' title='bbox 1307 2971 1313 2982; x_wconf 47' lang='lat'>⁸</span> 
     </span>
    </p>
   </div>
   <div class='ocr_carea' id='block_1_4' title="bbox 130 3232 1948 3490">
    <p class='ocr_par' dir='ltr' id='par_1_4' title="bbox 130 3232 1948 3490">
     <span class='ocr_line' id='line_1_19' title="bbox 225 3232 1707 3357; baseline 0.003 -25"><span class='ocrx_word' id='word_1_155' title='bbox 225 3259 402 3350; x_wconf 81' lang='lat' dir='ltr'><strong>Retensin</strong></span> <span class='ocrx_word' id='word_1_156' title='bbox 427 3257 605 3330; x_wconf 82' lang='lat' dir='ltr'><strong>individui</strong></span> <span class='ocrx_word' id='word_1_157' title='bbox 633 3257 816 3350; x_wconf 85' lang='lat' dir='ltr'><strong>cujusdam</strong></span> <span class='ocrx_word' id='word_1_158' title='bbox 841 3261 881 3332; x_wconf 90' lang='lat' dir='ltr'><strong>in</strong></span> <span class='ocrx_word' id='word_1_159' title='bbox 904 3258 1090 3352; x_wconf 74' lang='lat' dir='ltr'><strong>hilariori,</strong></span> <span class='ocrx_word' id='word_1_160' title='bbox 1117 3283 1223 3353; x_wconf 89' lang='lat' dir='ltr'><strong>quatu</strong></span> <span class='ocrx_word' id='word_1_161' title='bbox 1251 3232 1319 3354; x_wconf 76' lang='lat' dir='ltr'><strong>par</strong></span> <span class='ocrx_word' id='word_1_162' title='bbox 1345 3271 1410 3350; x_wconf 83' lang='lat' dir='ltr'><strong>ea,</strong></span> <span class='ocrx_word' id='word_1_163' title='bbox 1435 3264 1569 3357; x_wconf 63' lang='lat' dir='ltr'><strong>gradm</strong></span> <span class='ocrx_word' id='word_1_164' title='bbox 1594 3291 1707 3342; x_wconf 87' lang='lat' dir='ltr'><strong>mon.</strong></span> 
     </span>
     <span class='ocr_line' id='line_1_20' title="bbox 130 3373 1948 3490; baseline 0.003 -15"><span class='ocrx_word' id='word_1_165' title='bbox 130 3415 244 3480; x_wconf 84' lang='lat' dir='ltr'><strong>strum</strong></span> <span class='ocrx_word' id='word_1_166' title='bbox 270 3407 333 3470; x_wconf 87' lang='lat' dir='ltr'><strong>aut</strong></span> <span class='ocrx_word' id='word_1_167' title='bbox 356 3373 586 3490; x_wconf 71' lang='lat' dir='ltr'><strong>productum</strong></span> <span class='ocrx_word' id='word_1_168' title='bbox 605 3393 768 3466; x_wconf 82' lang='lat' dir='ltr'><strong>deforme</strong></span> <span class='ocrx_word' id='word_1_169' title='bbox 799 3407 1059 3490; x_wconf 88' lang='lat' dir='ltr'><strong>repraesentat.</strong></span> <span class='ocrx_word' id='word_1_170' title='bbox 1112 3395 1307 3466; x_wconf 83' lang='lat' dir='ltr'><strong>Mulierum</strong></span> <span class='ocrx_word' id='word_1_171' title='bbox 1339 3401 1560 3490; x_wconf 86' lang='lat' dir='ltr'><strong>organisatio</strong></span> <span class='ocrx_word' id='word_1_172' title='bbox 1586 3415 1707 3479; x_wconf 86' lang='lat' dir='ltr'><strong>autem</strong></span> <span class='ocrx_word' id='word_1_173' title='bbox 1816 3433 1818 3441; x_wconf 71' lang='grc'>’</span> <span class='ocrx_word' id='word_1_174' title='bbox 1939 3411 1948 3420; x_wconf 87' lang='grc'><strong>’</strong></span> 
     </span>
    </p>
   </div>
   <div class='ocr_carea' id='block_1_5' title="bbox 119 3521 1794 4580">
    <p class='ocr_par' dir='ltr' id='par_1_5' title="bbox 119 3521 1794 4580">
     <span class='ocr_line' id='line_1_21' title="bbox 126 3521 1781 3634; baseline 0.002 -23"><span class='ocrx_word' id='word_1_175' title='bbox 126 3561 200 3610; x_wconf 89' lang='lat' dir='ltr'><strong>non</strong></span> <span class='ocrx_word' id='word_1_176' title='bbox 226 3545 280 3608; x_wconf 85' lang='lat' dir='ltr'><strong>est</strong></span> <span class='ocrx_word' id='word_1_177' title='bbox 303 3531 401 3606; x_wconf 80' lang='lat' dir='ltr'><strong>uirili</strong></span> <span class='ocrx_word' id='word_1_178' title='bbox 425 3530 577 3602; x_wconf 79' lang='lat' dir='ltr'><strong>inferior</strong></span> <span class='ocrx_word' id='word_1_179' title='bbox 602 3533 665 3602; x_wconf 89' lang='lat' dir='ltr'><strong>sed</strong></span> <span class='ocrx_word' id='word_1_180' title='bbox 689 3529 744 3600; x_wconf 90' lang='lat' dir='ltr'><strong>illi</strong></span> <span class='ocrx_word' id='word_1_181' title='bbox 767 3553 789 3600; x_wconf 87' lang='lat' dir='ltr'><strong>e</strong></span> <span class='ocrx_word' id='word_1_182' title='bbox 815 3532 991 3602; x_wconf 85' lang='lat' dir='ltr'><strong>diametro</strong></span> <span class='ocrx_word' id='word_1_183' title='bbox 1018 3531 1203 3626; x_wconf 86' lang='lat' dir='ltr'><strong>opposita,</strong></span> <span class='ocrx_word' id='word_1_184' title='bbox 1244 3531 1341 3626; x_wconf 88' lang='lat' dir='ltr'><strong>quod</strong></span> <span class='ocrx_word' id='word_1_185' title='bbox 1373 3535 1482 3606; x_wconf 87' lang='lat' dir='ltr'><strong>etiam</strong></span> <span class='ocrx_word' id='word_1_186' title='bbox 1514 3538 1552 3608; x_wconf 90' lang='lat' dir='ltr'><strong>in</strong></span> <span class='ocrx_word' id='word_1_187' title='bbox 1583 3541 1705 3634; x_wconf 85' lang='lat' dir='ltr'><strong>specie</strong></span> <span class='ocrx_word' id='word_1_188' title='bbox 1779 3521 1781 3526; x_wconf 32' lang='lat'>⁵</span> 
     </span>
     <span class='ocr_line' id='line_1_22' title="bbox 124 3635 1725 3762; baseline 0.001 -16"><span class='ocrx_word' id='word_1_189' title='bbox 124 3677 169 3746; x_wconf 88' lang='lat' dir='ltr'><strong>de</strong></span> <span class='ocrx_word' id='word_1_190' title='bbox 205 3691 330 3743; x_wconf 87' lang='lat' dir='ltr'><strong>eamm</strong></span> <span class='ocrx_word' id='word_1_191' title='bbox 366 3665 581 3760; x_wconf 87' lang='lat' dir='ltr'><strong>genitalibus</strong></span> <span class='ocrx_word' id='word_1_192' title='bbox 614 3665 722 3740; x_wconf 80' lang='lat' dir='ltr'><strong>valet.</strong></span> <span class='ocrx_word' id='word_1_193' title='bbox 739 3665 867 3762; x_wconf 20' lang='lat' dir='ltr'><strong>*Quis</strong></span> <span class='ocrx_word' id='word_1_194' title='bbox 906 3667 1057 3737; x_wconf 83' lang='lat' dir='ltr'><strong>minoris</strong></span> <span class='ocrx_word' id='word_1_195' title='bbox 1094 3644 1259 3738; x_wconf 78' lang='lat' dir='ltr'><strong>aestimat</strong></span> <span class='ocrx_word' id='word_1_196' title='bbox 1289 3669 1481 3762; x_wconf 85' lang='lat' dir='ltr'><strong>imaginem</strong></span> <span class='ocrx_word' id='word_1_197' title='bbox 1519 3635 1725 3746; x_wconf 62' lang='lat' dir='ltr'><strong>foeminae..</strong></span> 
     </span>
     <span class='ocr_line' id='line_1_23' title="bbox 120 3771 1702 3898; baseline -0.001 -16"><span class='ocrx_word' id='word_1_198' title='bbox 120 3810 302 3883; x_wconf 85' lang='lat' dir='ltr'><strong>formosae</strong></span> <span class='ocrx_word' id='word_1_199' title='bbox 327 3827 434 3896; x_wconf 86' lang='lat' dir='ltr'><strong>quam</strong></span> <span class='ocrx_word' id='word_1_200' title='bbox 458 3803 568 3872; x_wconf 88' lang='lat' dir='ltr'><strong>maris</strong></span> <span class='ocrx_word' id='word_1_201' title='bbox 592 3802 764 3897; x_wconf 65' lang='lat' dir='ltr'><strong>perfecti,</strong></span> <span class='ocrx_word' id='word_1_202' title='bbox 803 3771 882 3897; x_wconf 60' lang='lat' dir='ltr'><strong>auis</strong></span> <span class='ocrx_word' id='word_1_203' title='bbox 914 3801 1033 3873; x_wconf 83' lang='lat' dir='ltr'><strong>minua</strong></span> <span class='ocrx_word' id='word_1_204' title='bbox 1058 3802 1214 3872; x_wconf 88' lang='lat' dir='ltr'><strong>admirat</strong></span> <span class='ocrx_word' id='word_1_205' title='bbox 1245 3803 1434 3882; x_wconf 72' lang='lat' dir='ltr'><strong>excelsam</strong></span> <span class='ocrx_word' id='word_1_206' title='bbox 1453 3805 1702 3898; x_wconf 63' lang='lat' dir='ltr'><strong>pulchritudila</strong></span> 
     </span>
     <span class='ocr_line' id='line_1_24' title="bbox 119 3917 1698 4038; baseline 0.001 -20"><span class='ocrx_word' id='word_1_207' title='bbox 119 3967 198 4020; x_wconf 86' lang='lat' dir='ltr'><strong>uem</strong></span> <span class='ocrx_word' id='word_1_208' title='bbox 232 3937 413 4014; x_wconf 78' lang='lat' dir='ltr'><strong>foeminae</strong></span> <span class='ocrx_word' id='word_1_209' title='bbox 452 3938 691 4030; x_wconf 88' lang='lat' dir='ltr'><strong>amoenitate,</strong></span> <span class='ocrx_word' id='word_1_210' title='bbox 735 3917 959 4034; x_wconf 77' lang='lat' dir='ltr'><strong>gracilitate,</strong></span> <span class='ocrx_word' id='word_1_211' title='bbox 995 3938 1170 4032; x_wconf 84' lang='lat' dir='ltr'><strong>dignitate</strong></span> <span class='ocrx_word' id='word_1_212' title='bbox 1194 3937 1377 4026; x_wconf 87' lang='lat' dir='ltr'><strong>muliebri,</strong></span> <span class='ocrx_word' id='word_1_213' title='bbox 1407 3949 1449 4010; x_wconf 93' lang='lat' dir='ltr'><strong>ut</strong></span> <span class='ocrx_word' id='word_1_214' title='bbox 1478 3943 1532 4014; x_wconf 87' lang='lat' dir='ltr'><strong>ita</strong></span> <span class='ocrx_word' id='word_1_215' title='bbox 1564 3943 1698 4038; x_wconf 83' lang='lat' dir='ltr'><strong>dicam,</strong></span> 
     </span>
     <span class='ocr_line' id='line_1_25' title="bbox 119 4073 1698 4174; baseline -0.004 -22"><span class='ocrx_word' id='word_1_216' title='bbox 119 4073 609 4174; x_wconf 80' lang='lat' dir='ltr'><strong>majestate&#39;condecoratae,</strong></span> <span class='ocrx_word' id='word_1_217' title='bbox 648 4095 757 4166; x_wconf 85' lang='lat' dir='ltr'><strong>quam</strong></span> <span class='ocrx_word' id='word_1_218' title='bbox 780 4076 901 4146; x_wconf 82' lang='lat' dir='ltr'><strong>virtrm</strong></span> <span class='ocrx_word' id='word_1_219' title='bbox 931 4096 1086 4166; x_wconf 86' lang='lat' dir='ltr'><strong>corpore</strong></span> <span class='ocrx_word' id='word_1_220' title='bbox 1117 4095 1204 4142; x_wconf 81' lang='lat' dir='ltr'><strong>nano</strong></span> <span class='ocrx_word' id='word_1_221' title='bbox 1236 4083 1272 4144; x_wconf 91' lang='lat' dir='ltr'><strong>et</strong></span> <span class='ocrx_word' id='word_1_222' title='bbox 1304 4073 1447 4152; x_wconf 87' lang='lat' dir='ltr'><strong>atletico</strong></span> <span class='ocrx_word' id='word_1_223' title='bbox 1479 4080 1698 4172; x_wconf 80' lang='lat' dir='ltr'><strong>praeditum.</strong></span> 
     </span>
     <span class='ocr_line' id='line_1_26' title="bbox 120 4209 1754 4308; baseline -0.002 -20"><span class='ocrx_word' id='word_1_224' title='bbox 120 4212 434 4308; x_wconf 86' lang='lat' dir='ltr'><strong>Quemadmodum</strong></span> <span class='ocrx_word' id='word_1_225' title='bbox 457 4209 616 4280; x_wconf 81' lang='lat' dir='ltr'><strong>foemina</strong></span> <span class='ocrx_word' id='word_1_226' title='bbox 639 4209 678 4280; x_wconf 91' lang='lat' dir='ltr'><strong>in</strong></span> <span class='ocrx_word' id='word_1_227' title='bbox 703 4231 835 4302; x_wconf 80' lang='lat' dir='ltr'><strong>genere</strong></span> <span class='ocrx_word' id='word_1_228' title='bbox 858 4209 976 4280; x_wconf 82' lang='lat' dir='ltr'><strong>uirum</strong></span> <span class='ocrx_word' id='word_1_229' title='bbox 1002 4209 1284 4301; x_wconf 88' lang='lat' dir='ltr'><strong>reproductione</strong></span> <span class='ocrx_word' id='word_1_230' title='bbox 1305 4212 1503 4304; x_wconf 81' lang='lat' dir='ltr'><strong>praevalet,</strong></span> <span class='ocrx_word' id='word_1_231' title='bbox 1528 4214 1581 4283; x_wconf 86' lang='lat' dir='ltr'><strong>ita</strong></span> <span class='ocrx_word' id='word_1_232' title='bbox 1607 4237 1695 4306; x_wconf 92' lang='lat' dir='ltr'><strong>quo·</strong></span> <span class='ocrx_word' id='word_1_233' title='bbox 1747 4249 1754 4256; x_wconf 95' lang='lat'><strong>·</strong></span> 
     </span>
     <span class='ocr_line' id='line_1_27' title="bbox 121 4343 1693 4444; baseline -0.002 -20"><span class='ocrx_word' id='word_1_234' title='bbox 121 4375 188 4444; x_wconf 86' lang='lat' dir='ltr'><strong>que</strong></span> <span class='ocrx_word' id='word_1_235' title='bbox 211 4371 338 4422; x_wconf 89' lang='lat' dir='ltr'><strong>eorum</strong></span> <span class='ocrx_word' id='word_1_236' title='bbox 363 4343 533 4440; x_wconf 85' lang='lat' dir='ltr'><strong>genitalia</strong></span> <span class='ocrx_word' id='word_1_237' title='bbox 554 4345 697 4436; x_wconf 86' lang='lat' dir='ltr'><strong>organis</strong></span> <span class='ocrx_word' id='word_1_238' title='bbox 722 4343 776 4416; x_wconf 81' lang='lat' dir='ltr'><strong>uis</strong></span> <span class='ocrx_word' id='word_1_239' title='bbox 806 4344 1082 4438; x_wconf 84' lang='lat' dir='ltr'><strong>reproductisae</strong></span> <span class='ocrx_word' id='word_1_240' title='bbox 1107 4353 1188 4414; x_wconf 87' lang='lat' dir='ltr'><strong>sunt</strong></span> <span class='ocrx_word' id='word_1_241' title='bbox 1221 4346 1335 4434; x_wconf 88' lang='lat' dir='ltr'><strong>magis</strong></span> <span class='ocrx_word' id='word_1_242' title='bbox 1365 4346 1600 4420; x_wconf 78' lang='lat' dir='ltr'><strong>conformiter</strong></span> <span class='ocrx_word' id='word_1_243' title='bbox 1625 4373 1693 4422; x_wconf 92' lang='lat' dir='ltr'><strong>or-</strong></span> 
     </span>
     <span class='ocr_line' id='line_1_28' title="bbox 121 4471 1794 4580; baseline -0.004 -22"><span class='ocrx_word' id='word_1_244' title='bbox 121 4487 278 4580; x_wconf 83' lang='lat' dir='ltr'><strong>ganisata</strong></span> <span class='ocrx_word' id='word_1_245' title='bbox 303 4489 339 4552; x_wconf 90' lang='lat' dir='ltr'><strong>et</strong></span> <span class='ocrx_word' id='word_1_246' title='bbox 370 4483 416 4554; x_wconf 87' lang='lat' dir='ltr'><strong>ad</strong></span> <span class='ocrx_word' id='word_1_247' title='bbox 446 4503 625 4554; x_wconf 87' lang='lat' dir='ltr'><strong>summum</strong></span> <span class='ocrx_word' id='word_1_248' title='bbox 655 4479 951 4572; x_wconf 85' lang='lat' dir='ltr'><strong>reproductionis·</strong></span> <span class='ocrx_word' id='word_1_249' title='bbox 970 4480 1168 4574; x_wconf 86' lang='lat' dir='ltr'><strong>negotium,</strong></span> <span class='ocrx_word' id='word_1_250' title='bbox 1194 4479 1242 4550; x_wconf 92' lang='lat' dir='ltr'><strong>ad</strong></span> <span class='ocrx_word' id='word_1_251' title='bbox 1277 4479 1596 4574; x_wconf 85' lang='lat' dir='ltr'><strong>reprodactionem</strong></span> <span class='ocrx_word' id='word_1_252' title='bbox 1622 4505 1691 4578; x_wconf 88' lang='lat' dir='ltr'><strong>ge·</strong></span> <span class='ocrx_word' id='word_1_253' title='bbox 1714 4471 1720 4476; x_wconf 67' lang='grc'><strong><em>’</em></strong></span> <span class='ocrx_word' id='word_1_254' title='bbox 1790 4565 1794 4572; x_wconf 25' lang='lat'><strong><em>¹</em></strong></span> 
     </span>
    </p>
   </div>
   <div class='ocr_carea' id='block_1_6' title="bbox 120 4614 1693 4850">
    <p class='ocr_par' dir='ltr' id='par_1_6' title="bbox 120 4614 1693 4850">
     <span class='ocr_line' id='line_1_29' title="bbox 120 4614 1693 4734; baseline 0.003 -42"><span class='ocrx_word' id='word_1_255' title='bbox 120 4623 211 4694; x_wconf 85' lang='lat' dir='ltr'><strong>neris</strong></span> <span class='ocrx_word' id='word_1_256' title='bbox 233 4641 379 4722; x_wconf 82' lang='lat' dir='ltr'><strong>nempe,</strong></span> <span class='ocrx_word' id='word_1_257' title='bbox 399 4618 587 4692; x_wconf 83' lang='lat' dir='ltr'><strong>destinata.</strong></span> <span class='ocrx_word' id='word_1_258' title='bbox 634 4615 695 4692; x_wconf 81' lang='lat' dir='ltr'><strong>Ex</strong></span> <span class='ocrx_word' id='word_1_259' title='bbox 718 4615 797 4734; x_wconf 26' lang='lat' dir='ltr'><strong>hac·</strong></span> <span class='ocrx_word' id='word_1_260' title='bbox 809 4615 1150 4716; x_wconf 83' lang='lat' dir='ltr'><strong>praedestinationis</strong></span> <span class='ocrx_word' id='word_1_261' title='bbox 1177 4639 1284 4694; x_wconf 85' lang='lat' dir='ltr'><strong>causa</strong></span> <span class='ocrx_word' id='word_1_262' title='bbox 1306 4614 1477 4716; x_wconf 76' lang='lat' dir='ltr'><strong>genitalia</strong></span> <span class='ocrx_word' id='word_1_263' title='bbox 1498 4615 1693 4716; x_wconf 73' lang='lat' dir='ltr'><strong>muliebria</strong></span> 
     </span>
     <span class='ocr_line' id='line_1_30' title="bbox 956 4751 1031 4850; baseline 0.027 -2"><span class='ocrx_word' id='word_1_264' title='bbox 956 4751 1031 4850; x_wconf 87' lang='lat' dir='ltr'><strong>(a)</strong></span> 
     </span>
    </p>
   </div>
   <div class='ocr_carea' id='block_1_7' title="bbox 0 0 2200 5710">
    <p class='ocr_par' dir='ltr' id='par_1_7' title="bbox 0 0 2200 5710">
     <span class='ocr_line' id='line_1_31' title="bbox 0 0 2200 5710; baseline 0 9"><span class='ocrx_word' id='word_1_265' title='bbox 0 0 2200 5710; x_wconf 95' lang='lat' dir='ltr'><strong> </strong></span> 
     </span>
    </p>
   </div>
  </div>
 </body>
</html>
